1612 2570
523 115 781 147 FASTORUM
822 114 914 145 Lm.
957 114 985 145 1.
1402 97 1462 144 27

99 240 202 292 Qua
222 239 314 282 fert
335 237 562 281 sublimes
584 235 679 278 alta
702 234 899 278 Moneta
922 233 1106 289 gradus.

36 313 177 355 Nunc
196 312 314 354 bene
335 309 586 367 prospicies
609 308 807 361 Latiam,
834 305 1106 358 Concordia,
1131 305 1319 348 turbam
1343 319 1354 355 3

97 386 236 429 Nunc
256 388 304 427 te
327 387 532 427 sacratae
554 381 806 425 restituere
828 393 1006 443 manus.
1047 396 1059 412 -τ
1116 377 1145 409 ⁴<
1246 384 1253 398 ³
1297 396 1307 402 ⁴
1375 379 1461 420 640

38 458 210 500 Furius
231 457 472 525 antiquam
493 455 656 511 populi
678 457 920 510 superator
943 451 1129 495 Etrusci

97 531 316 585 Voverat,
344 534 391 573 et
413 529 512 573 voti
533 528 736 571 solverat
758 530 868 570 ante
890 525 1045 569 fidem.

36 605 201 656 Causa,
223 603 350 659 quod
373 618 399 645 a
420 601 635 658 patribus
654 598 859 656 sumptis
881 602 1130 642 secesserat
1152 599 1292 641 armis

96 676 292 732 Vulgus,
317 679 365 719 et
385 677 488 731 ipsa
507 689 613 718 suas
635 673 782 717 Roma
802 673 999 715 timebat
1021 686 1142 728 opes,

37 751 188 793 Causa
209 764 370 792 recens
386 749 551 792 melior
572 764 580 792 :
601 761 761 804 passos
781 746 1035 797 Germania
1058 745 1208 789 crines
1374 746 1461 787 645

97 823 301 879 Porrigit
321 822 556 878 auspiciis,
577 821 677 864 dux
697 819 976 874 venerande,
1002 819 1110 862 tuis.

38 897 156 940 Inde
177 894 493 952 triumphatae
513 894 672 938 libasti
694 908 888 938 munera
908 893 1075 949 gentis,
1154 919 1165 941 ,κ

96 953 567 1026 Temlffisti,
589 958 732 1023 quam
754 955 866 1010 colis
889 966 1002 1021 ipse,
1030 966 1157 1009 deae.

40 1042 164 1085 Haec
185 1046 268 1085 tua
289 1030 535 1086 constituit
557 1041 775 1084 Genitrix
798 1044 844 1084 et
869 1039 1079 1099 rssbESBb
1101 1052 1194 1093 ara,

97 1115 202 1158 Sola
221 1119 324 1158 toro
346 1114 504 1170 magni
524 1113 666 1170 digna
686 1099 1040 1169 repertassJ‘oviffl
1372 1114 1460 1156 650

330 1201 429 1230 xvi.
458 1200 569 1230 ΚΑΒ.
994 1189 1127 1230 17111.

37 1262 166 1304 Haec
186 1261 269 1304 ubi
290 1261 577 1315 transierint,
603 1259 902 1315 Capricorno,
927 1258 1126 1313 Phoebe,
1153 1259 1313 1302 relicto

97 1336 189 1378 Per
209 1335 397 1391 juvenis
419 1348 574 1377 curres
596 1333 727 1389 signa
749 1333 955 1389 gerentis
977 1331 1158 1389 abluam.

331 1421 377 1450 X.
407 1419 520 1451 KAL.
1056 1407 1195 1449 23111).

37 1481 276 1538 Septimus
297 1481 408 1524 hinc
429 1481 595 1524 Oriens
616 1495 718 1523 cum
745 1495 793 1522 se
815 1479 1057 1522 demiserit
1078 1479 1235 1533 undis,

96 1554 315 1611 Fulgebit
337 1558 435 1597 toto
456 1554 555 1610 jam
577 1553 700 1610 Lyra
720 1553 850 1595 nulla
872 1553 989 1608 polo.

330 1639 396 1675 IX,
435 1640 545 1671 KAL.
967 1627 1102 1674 24111.

0 1727 2 1752 3
40 1700 200 1744 Sidere
222 1700 279 1742 ab
301 1700 388 1751 hoc
408 1700 529 1756 ignis
550 1700 762 1743 venienti
782 1703 931 1753 nocte,
955 1699 1124 1742 Leonis
1373 1701 1460 1748 652)

0 1769 2 1785 '
98 1773 189 1827 Qui
211 1773 350 1823 micat
371 1773 421 1816 in
442 1773 596 1816 medio
615 1778 815 1829 pectore,
842 1787 1022 1815 mersus
1044 1773 1146 1816 erit.

41 1921 129 1962 Ter
150 1922 318 1974 quater
339 1918 492 1963 evolvi
514 1918 752 1974 signantes
772 1922 983 1974 tempora
1004 1919 1169 1970 fastos,

100 1992 199 2034 Nec
220 1991 492 2037 Sementiua
513 1994 584 2034 cst
605 1991 702 2034 ulla
722 1995 907 2047 reperta
927 1991 1026 2034 dies
1053 2007 1061 2034 :

41 2066 159 2108 Cum
182 2064 312 2118 mihi,
339 2064 481 2107 sensit
501 2065 642 2118 enim,
674 2065 779 2107 Lux
801 2065 914 2108 haec
936 2065 1174 2118 indicitur,
1202 2066 1354 2122 inquit

99 2137 238 2180 Musa
263 2153 271 2180 :
303 2136 417 2193 quid
439 2153 466 2180 a
488 2138 623 2181 fastis
644 2152 739 2180 non
760 2142 881 2181 stata
903 2153 1031 2182 sacra
1052 2139 1173 2194 petis
1197 2140 1208 2182 ἰ
1373 2141 1461 2181 660

44 2211 201 2266 thue
224 2210 324 2253 dies
344 2211 523 2254 incerta
543 2211 676 2265 sacri,
702 2211 767 2254 sic
782 2215 992 2266 tempora
1013 2216 1152 2265 certa,

104 2283 369 2326 Seminibus
391 2284 526 2340 jactis
547 2287 618 2327 est
639 2283 722 2326 ubi
743 2284 869 2327 fetus
890 2299 1011 2340 ager.

47 2358 176 2401 State
192 2354 408 2399 ‘coronati
427 2357 618 2412 plenum
641 2357 700 2399 ad
724 2371 942 2413 praesepe
964 2357 1154 2413 juvenci
1178 2373 1187 2408 ;

108 2428 228 2478 Cum
250 2428 410 2492 tepido
432 2431 640 2474 vestrum
663 2444 769 2474 vere
791 2429 964 2473 redibit
985 2443 1113 2485 opus,
