1612 2570
77 98 138 145 28
549 118 588 149 P.
633 117 788 151 ovmn
826 118 1038 151 NASONIS

76 233 303 280 Rusticus
325 238 574 281 emeritum
595 239 700 294 palo
723 239 980 295 suspendat
1000 243 1207 283 aratrum
1227 256 1238 293 3
1411 243 1500 286 665

131 310 281 354 Omne
303 310 578 354 reformidat
599 312 772 368 frigida
792 313 963 355 vulnus
985 314 1168 356 humus.

68 381 116 423 xf
117 382 256 437 illice,
280 385 340 427 da
360 386 573 441 requiem
593 389 760 440 terrae,
784 390 992 430 semente
1013 391 1216 442 peracta,

9 518 11 520 q
128 458 201 500 Da
222 459 447 514 requiem,
469 462 641 502 terram
663 460 745 515 qui
767 460 964 514 coluere,
988 459 1132 512 viris3

0 534 48 568 ³21
68 531 224 587 Pagus
247 536 354 587 agat
376 533 582 584 festum3
614 548 786 589 pagum
803 533 1016 589 lustrate,
1043 533 1210 588 coloni,
1258 524 1334 574 1¹22]
1350 539 1418 571 '2⁴7‘

127 605 189 647 Et
212 605 321 647 date
344 606 536 660 paganis
559 620 716 649 annua
737 606 832 649 liba
851 606 978 649 focis.
1401 610 1490 652 670

68 679 319 722 Placentur
335 684 508 723 matres
531 681 734 736 frugum,
762 681 1014 737 Tellusque
1036 681 1287 736 Ceresque,

122 754 266 797 Farre
289 769 372 797 suo
394 753 613 810 gravidae
635 754 983 809 visceribusque
1007 753 1117 796 suis.

68 826 282 870 Officium
305 843 550 871 commune
574 827 710 870 Ceres
735 835 780 870 et
802 828 944 870 Terra
966 829 1190 877 tuentur;

126 901 257 944 Haec
279 901 474 956 praebet
496 916 683 944 causam
705 900 933 955 frugibuS,
960 898 1043 942 illa
1064 899 1230 941 locum.

63 974 308 1017 consortes
330 988 537 1030 operum,
564 989 648 1030 per
668 989 785 1030 quas
818 976 1023 1016 correcta
1043 975 1268 1027 vetustas,
1402 973 1491 1019 675

122 1047 405 1104 Quernaque
427 1048 559 1104 glans
581 1048 705 1090 victa
727 1051 796 1090 est
818 1047 1010 1090 utiliore
1032 1046 1149 1099 cibo,

62 1120 298 1177 Frugibus
320 1122 560 1164 immensis
581 1122 743 1164 avidos
766 1121 933 1164 satiate
955 1118 1157 1174 colonos,

122 1195 187 1237 Ut
209 1195 395 1250 capiant
417 1195 572 1238 cultus
593 1194 799 1251 praemia
820 1193 959 1250 digna
981 1193 1067 1236 sui.

62 1268 161 1310 Vos
185 1268 293 1311 (late
312 1272 564 1324 perpetuos
585 1269 763 1311 teneris
786 1268 1074 1311 sementibus
1098 1271 1284 1319 auctus,

123 1341 169 1383 N
173 1356 222 1384 ec
245 1357 366 1385 nova
388 1355 470 1397 per
490 1342 670 1398 gelidas
691 1342 837 1384 herba
858 1341 920 1384 sit
941 1344 1047 1383 usta
1069 1339 1214 1383 nives.
1401 1343 1489 1385 680

60 1414 181 1457 Cum
205 1415 416 1469 serimus,
439 1415 616 1458 caelum
639 1416 795 1458 ventis
819 1415 994 1470 aperite
1018 1414 1195 1456 serenis
1217 1430 1227 1465 ;

121 1487 240 1530 Cum
263 1489 392 1542 latet,
420 1489 629 1532 aetheria
651 1489 855 1544 spargite
878 1502 1038 1530 semen
1061 1501 1183 1543 aqua
1207 1503 1217 1539 ;

59 1562 192 1605 Neve
215 1577 381 1617 graves
404 1563 542 1604 cultis
566 1562 775 1605 Cerealia
797 1576 921 1615 rura,
949 1564 1123 1615 cavete,

115 1635 312 1690 Agmine
330 1636 512 1678 laesuro
535 1635 882 1691 depopulentur
902 1649 1022 1678 aves,

58 1706 151 1751 Vos
174 1723 376 1764 quoque,
403 1708 634 1761 formicae,
658 1709 881 1765 subjectis
903 1708 1078 1764 parcite
1100 1709 1255 1764 granis
1276 1725 1285 1760 ;
1397 1710 1484 1753 685

116 1782 227 1824 Post
250 1796 443 1824 messem
467 1783 663 1838 praedae
685 1783 815 1838 copia
835 1782 985 1837 major
1006 1782 1106 1824 erit.

56 1855 242 1897 Interea
265 1860 437 1898 crescat
459 1855 646 1899 scabrae
669 1856 892 1912 robiginis
914 1870 1095 1910 expers,

114 1927 210 1971 Nec
233 1929 348 1971 vitio
371 1929 484 1972 caeli
505 1929 676 1984 palleat
699 1930 796 1972 ulla
818 1943 960 1985 sege-⁴3,

52 2001 114 2047 Et
135 2015 287 2057 neque
311 2001 493 2044 deficiat
515 2003 675 2057 macie,
701 2017 854 2058 neque
875 2001 1095 2058 pinguior
1115 2014 1264 2057 aequo

111 2075 304 2118 Divitiis
326 2080 486 2131 pereat
508 2076 744 2119 luxuriosa
766 2076 862 2118 suis
887 2091 896 2126 ;
1390 2078 1478 2119 690

50 2147 111 2191 Et
133 2152 318 2191 careant
340 2147 462 2190 loliis
484 2148 640 2191 oculos
662 2149 939 2192 vitiantibus
961 2148 1074 2204 agri,

107 2221 153 2263 N
157 2236 206 2265 ec
229 2222 401 2264 sterilis
423 2222 548 2265 culto
572 2227 732 2278 surgat
749 2236 894 2266 avena
915 2222 1023 2264 solo.
1188 2267 1215 2297 s

4 2288 19 2331 ἶ
47 2295 268 2339 Triticeos
289 2296 432 2350 fetus,
458 2309 742 2352 passuraque
762 2296 887 2338 farra
907 2295 977 2355 b-ip
1000 2295 1168 2350 ignem,
1190 2311 1202 2355 J
1221 2296 1264 2323 «¹⁵
1279 2266 1410 2317 (ΛΜ

108 2368 152 2410 Η
156 2369 384 2425 ordeaque
407 2369 587 2425 ingenti
612 2370 772 2412 fenore
796 2369 964 2412 reddat
985 2384 1172 2425 ager.—

42 2442 172 2489 Haec
194 2456 274 2504 ego
295 2458 380 2501 pro
403 2443 553 2498 vobis,
579 2444 692 2487 haec
714 2457 796 2487 vos
818 2446 978 2500 optate
1001 2442 1164 2497 coloni,
1383 2444 1471 2489 695
