1612 2570
169 110 232 156 24
641 126 682 158 P.
724 126 883 159 ovmn
921 127 1136 161 NAsoms

165 246 313 288 Cacus
334 245 598 288 Aventinae
619 245 762 289 timor
783 249 926 303 atqua
950 248 1146 292 infamia
1167 250 1326 305 silvae,

224 319 334 361 Non
355 319 458 361 leve
479 319 694 362 finitimis
715 319 1077 378 hospitibusque
1099 323 1290 371 malum.

164 392 280 435 Dira
303 392 402 434 viro
424 392 579 447 facies,
606 389 730 436 vires
751 408 836 449 pro
859 407 1062 450 corpore,
1085 410 1252 452 corpus

222 465 413 508 Grande
439 481 446 507 :
479 469 615 520 pater
635 466 834 508 monstri
855 466 1092 511 Mulciber
1114 469 1262 525 hujus
1284 476 1394 515 emt.

164 538 348 594 Proque
371 538 508 580 domo
530 538 680 593 longis
703 538 924 594 spelunca
945 536 1202 584 recessibus
1225 542 1406 599 ingens,
1501 548 1592 590 555

220 611 411 664 Abdita,
436 611 516 653 vix
538 610 652 666 ipsis
674 610 956 654 invenienda
977 606 1102 656 feris.

161 686 255 728 Ora
277 666 419 740 super
440 688 597 740 postes
619 684 850 740 affixaque
871 680 1061 729 brachia
1081 688 1308 748 pendent,

221 757 539 815 squalidaque
560 758 779 800 humanis
801 759 985 801 ossibus
1007 760 1134 803 albet
1157 761 1347 806 humus.

160 832 355 874 Servata
376 831 496 874 male
519 835 652 886 parte
675 831 818 874 boum
840 831 959 876 Jove
981 838 1122 877 natus
1145 835 1304 890 abibat
1329 853 1339 889 ;

217 905 457 960 Mugitum
479 919 619 947 rauco
640 905 770 947 furta
791 905 963 948 dedere
985 921 1112 950 sono.
1499 913 1588 956 560

157 977 348 1034 Accipio
370 992 657 1031 revocamen,
682 978 762 1032 ait,
786 994 1039 1035 vocemque
1062 985 1250 1026 secutus
1298 981 1455 1041 ⁷⁶21

109 1044 111 1047 ¹
217 1052 368 1107 Impia
390 1066 474 1107 per
496 1051 637 1093 silvas
658 1051 785 1094 ultor
807 1052 866 1094 ad
898 1042 1033 1115 antra
1055 1055 1198 1098 venit.

156 1124 244 1168 Ille
262 1125 442 1168 aditum
465 1125 602 1167 fracti
623 1129 976 1180 praestruxerat
998 1126 1151 1183 objice
1172 1129 1347 1172 montis
1373 1146 1380 1173 :

213 1199 311 1240 Vix
334 1199 446 1254 juga
467 1197 724 1240 movissent
746 1199 957 1255 quinque
979 1199 1052 1243 bis
1074 1199 1195 1243 illud
1217 1216 1346 1261 op-us.
1424 1217 1431 1238 'x
1450 1219 1455 1223 “
1473 1202 1497 1228 5

156 1272 342 1314 Nititur
358 1272 438 1333 Q
459 1271 682 1325 humeris,
705 1273 886 1314 caelum
907 1288 1094 1329 quoque
1117 1274 1304 1321 sederat
1324 1276 1433 1332 illis,
1499 1279 1587 1322 565

212 1346 275 1387 Et
297 1349 483 1387 vastum
504 1349 637 1386 motu
659 1345 983 1388 collabefactat
1006 1361 1140 1392 onus.

153 1419 287 1470 Quod
306 1418 446 1460 simul
462 1416 679 1460 evulsum
697 1422 783 1473 est,
801 1419 958 1474 fragor
974 1421 1163 1463 aethera
1180 1423 1353 1465 terruit
1364 1422 1534 1479 ipsum,

210 1492 404 1547 Ictaque
426 1491 639 1534 subsedit
661 1491 866 1547 pondere
888 1494 1024 1536 molis
1046 1493 1232 1538 humus.

148 1565 309 1607 Prima
330 1568 487 1607 movet
509 1564 658 1607 Cacus
680 1565 848 1607 conata
868 1566 1047 1620 proelia
1068 1566 1252 1622 dextra,

207 1639 422 1693 Reinque
444 1638 578 1679 ferox
601 1638 726 1680 saxis
748 1638 1081 1695 stipitibusque
1102 1641 1236 1696 gerit.
1492 1645 1581 1692 570

148 1712 263 1765 Quis
278 1711 368 1763 ubi
390 1710 458 1753 nil
480 1711 647 1766 agitur,
670 1711 845 1766 patrias
868 1713 996 1769 male
1010 1713 1146 1768 {ortis
1169 1714 1227 1757 ad
1250 1719 1374 1759 artes

204 1784 441 1839 Confugit,
468 1787 515 1826 et
540 1784 749 1826 flammas
771 1798 848 1827 ore
872 1768 1068 1828 sonffnie
1091 1787 1250 1832 vomit.

146 1857 272 1909 Quas
294 1857 477 1912 quoties
498 1857 681 1912 proflat,
709 1857 884 1912 spirare
907 1857 1129 1914 Typhoea
1149 1860 1321 1914 credas,

205 1929 265 1972 Et
287 1928 503 1985 rapidum
525 1930 732 1972 Aetnaeo
755 1931 915 1986 fulgur
935 1931 992 1974 ab
1015 1932 1122 1987 igne
1138 1933 1241 1988 jaci.

143 2004 348 2058 Occupat
374 2003 579 2057 Alcides,
607 2003 904 2060 adductaque
927 2005 1058 2047 clava
1077 2006 1280 2049 trinodis
1487 2010 1573 2056 575

202 2076 293 2119 Ter
313 2081 478 2131 quater
499 2076 685 2119 adversi
706 2077 828 2120 sedit
851 2078 900 2120 in
922 2092 1002 2121 ore
1024 2078 1127 2122 viri.

145 2150 231 2192 Ille
253 2149 392 2202 cadit,
418 2149 684 2205 mixtosque
706 2151 862 2193 vomit·
877 2166 983 2194 cum
1005 2151 1230 2206 sanguine
1251 2152 1422 2209 fumos,

202 2222 264 2264 Et
286 2222 382 2264 lato
399 2222 604 2265 moriens
624 2228 812 2278 pectore
834 2224 1015 2280 plangit
1036 2222 1245 2279 humum.

142 2295 358 2338 Immolat
381 2310 439 2338 ex
462 2295 556 2338 illis
577 2305 767 2339 taurum
788 2297 893 2352 tibi,
915 2297 944 2340 J
949 2297 1148 2352 uppiter,
1171 2311 1318 2342 unum

201 2368 378 2423 Victor,
405 2372 451 2412 et
474 2369 748 2412 Evandrum
770 2369 1089 2424 ruricolasque
1111 2374 1244 2413 vocat
1265 2387 1276 2422 ;
1479 2376 1568 2419 580
