1612 2570
85 138 146 184 14
540 148 598 185 Ῥ.
640 151 798 184 ovlml
835 151 1048 186 NASONis

136 273 230 315 Hic
252 273 337 315 ubi
357 273 524 328 juncta
544 272 661 315 foris
682 272 861 329 templa
882 274 1069 317 duobus
1092 275 1240 319 habes
1259 275 1275 319 2

76 346 165 389 Ille
181 361 325 388 manu
347 345 560 389 mulcens
583 359 836 402 propexam
858 347 918 389 ad
940 351 1132 402 pectora
1153 349 1363 404 barbam,

131 419 355 462 Probinus
380 418 563 462 Oebalii
584 418 774 462 rettulit
798 434 927 462 arma
949 420 1073 475 Tati,

74 490 235 549 thue
255 493 373 535 levis
395 496 552 536 custos
575 491 772 536 armillis
795 497 932 549 capta
954 493 1141 537 Sabinis

135 566 213 608 Ad
237 580 443 609 summae
464 566 632 621 tacitus
655 566 846 609 duxerit
864 567 983 610 arcis
1005 567 1112 610 iter.

1417 425 1504 465 260

78 636 210 693 Inde,
236 640 370 682 velut
391 655 518 683 nunc
540 622 624 693 es't'}
646 655 730 695 per
751 654 892 695 quem
915 640 1218 695 descenditis,
1245 641 1415 696 inquit,

132 712 327 754 Arduus
349 713 400 755 in
422 711 569 755 valles
593 716 640 755 et
661 713 764 755 fora
785 713 935 755 clivus
958 718 1072 756 erat.

74 783 138 827 Et
158 785 253 840 jam
277 786 571 838 contigerant
593 789 791 841 portam,
817 786 1038 829 Saturnia
1055 787 1193 841 cujus

133 857 412 914 Dempserat
430 859 665 914 oppositas
688 858 913 902 insidiosa
936 873 1072 902 seras.

74 930 195 974 Cum
219 935 349 973 tanto
372 932 550 974 veritus
571 931 864 974 committere
888 932 1082 975 numine
1104 947 1311 988 pugnam

134 1003 239 1060 Ipse
263 1019 394 1048 meae
417 1005 544 1047 movi
562 1005 763 1047 callidus
785 1005 902 1047 artis
925 1019 1058 1062 opus,

74 1078 274 1133 Oraque,
301 1092 393 1133 qua
409 1078 592 1134 pollens
615 1092 701 1133 ope
721 1093 839 1132 sum,
866 1079 1063 1121 fontana
1085 1077 1267 1132 reclusi,

133 1151 342 1207 Sumque
362 1151 635 1207 repentinas
660 1151 921 1207 ejaculatus
945 1167 1100 1207 aquas.

74 1226 198 1266 Ante
221 1229 381 1267 tamen
403 1224 606 1281 madidis
631 1213 811 1280 subjeci
835 1225 1017 1267 sulfura
1041 1225 1187 1281 venis,

133 1296 386 1340 Clauderet
407 1302 462 1339 ut
486 1298 619 1340 Tatio
643 1298 856 1340 fervidus
877 1298 1047 1341 humor
1068 1299 1169 1341 iter.
1232 1289 1311 1350 ξ’ῇ·
1345 1324 1370 1348 ς.
1394 1331 1401 1342 1

1286 1345 1311 1361 Q

73 1370 222 1426 Cujus
245 1374 297 1412 ut
319 1371 505 1412 utilitas
527 1371 676 1426 pulsis
699 1375 918 1426 percepta
938 1371 1140 1424 Sabinis,

132 1444 262 1495 Quae
285 1444 440 1486 fuerat
462 1447 566 1485 tuto
590 1443 776 1486 reddita
797 1445 948 1487 forma
970 1444 1070 1487 loco
1094 1449 1177 1487 est.

75 1518 172 1559 Ara
194 1517 310 1558 mihi
334 1517 487 1572 posita
510 1521 580 1559 est
598 1530 742 1572 parvo
760 1517 1010 1572 conjuncta
1033 1518 1202 1560 sacello
1227 1533 1234 1559 :

134 1590 262 1632 Haec
283 1590 441 1632 adolet
463 1590 664 1632 flammis
687 1604 792 1632 cum
815 1594 945 1650 stru-e
962 1591 1092 1649 [ar-[a
1114 1590 1223 1633 suis.
1279 1612 1320 1645 *x

75 1663 140 1704 At
163 1677 244 1704 cur
265 1676 375 1718 pace
396 1663 528 1713 lates,
550 1663 782 1718 motisque
804 1662 1063 1706 recluderis
1085 1664 1254 1706 armis?

134 1736 234 1778 Nec
256 1751 400 1789 mora,
427 1736 631 1797 quaesiti
651 1735 842 1791 reddita
864 1751 1003 1778 causa
1025 1736 1141 1778 mihi
1165 1741 1248 1778 est.

77 1809 141 1851 Ut
164 1809 337 1864 populo
359 1809 542 1851 reditus
564 1813 755 1864 pateant
778 1809 835 1851 ad
859 1808 982 1852 bella
1004 1810 1230 1864 profecto,

135 1881 252 1923 Tota
275 1885 406 1936 patet
430 1882 620 1937 dempta
641 1882 787 1937 janua
809 1887 967 1924 nostra
989 1897 1104 1932 sera.

78 1954 191 1996 Pace
214 1955 336 1996 fores
359 1954 496 2007 obdo,
523 1969 582 1997 ne
605 1969 710 2010 qua·
721 1954 960 1998 discedere
983 1955 1133 2011 possit
1161 1971 1168 1998 :

133 2027 453 2082 Caesareoque
477 2027 559 2069 diu
582 2029 770 2070 nomine
793 2027 980 2071 clausus
998 2043 1088 2071 ero.

73 2100 223 2152 Dixit,
251 2104 296 2142 et
319 2100 540 2142 attollens
563 2101 719 2143 oculos
743 2101 929 2143 diversa
952 2104 1141 2143 tuentes

134 2173 335 2228 Aspexit
357 2176 459 2214 toto
482 2172 715 2228 q11idquid
737 2174 783 2215 in
808 2172 920 2216 orbe
942 2173 1050 2216 fuit.

77 2246 175 2288 Pax
197 2249 310 2298 erat,
334 2249 381 2288 et
403 2246 562 2298 vestri,
586 2246 877 2299 Germanice,
905 2260 1041 2288 causa
1062 2246 1294 2301 triumphi

136 2318 415 2361 Tradiderat
435 2319 636 2361 famulas
658 2319 755 2374 jam
777 2319 866 2361 tibi
890 2318 1082 2362 Rhenus
1105 2333 1262 2374 aquas.

75 2391 103 2434 J
109 2406 211 2446 ane,
238 2392 338 2434 face
360 2395 576 2434 aeternos
598 2406 757 2448 pacem
779 2391 999 2447 pacisque
1016 2391 1272 2445 ministros,

137 2463 269 2508 Neve
293 2478 446 2519 suum,
466 2456 668 2520 praesta,
695 2464 882 2508 deserat
904 2468 1068 2508 auctor
1089 2478 1224 2519 opuS.

1415 788 1503 830 265

1414 1150 1502 1198 270

1411 1292 1416 1307 q

1396 1311 1416 1328 fl

1416 1519 1502 1561 275

1415 1883 1503 1926 280

1415 2247 1502 2289 285
