1612 2570
546 121 805 155 FASTORUM
845 125 940 157 ΜΒ.
984 125 1013 155 1.
1445 107 1502 152 17

133 242 193 285 Et
215 256 308 285 non
330 242 499 298 exiguo
520 240 681 285 laurus
701 243 869 287 adusta
891 257 1014 287 sono.

76 315 126 359 Si
150 315 257 371 quis
279 318 380 358 erat
400 314 535 358 factis
556 315 681 370 prati
703 315 761 358 de
783 317 894 359 flore
917 316 1097 360 coronis
1424 315 1509 355 345

131 388 224 441 Qui
244 391 400 444 posset
420 386 568 430 violas
590 387 774 443 addere,
800 388 931 432 dives
954 392 1066 432 erat.

76 462 181 516 Hic,
207 461 292 517 qui
312 476 438 504 nunc
459 461 610 516 aperit
631 462 841 516 percussi
862 462 1039 504 Viscera
1060 460 1200 513 tauri,

135 535 194 577 In
216 534 355 577 sacris
371 533 558 576 nullum
581 533 727 577 culter
748 533 946 577 habebat
969 549 1098 590 opus.

79 607 235 650 Prima
258 606 396 650 Ceres
418 606 583 650 avidae
605 608 764 663 gavisa
787 611 857 650 est
880 606 1108 662 sanguine
1130 619 1309 661 porcae,

138 681 250 723 Ulta
273 693 378 722 suas
410 680 576 723 merita
598 680 738 723 caede
759 680 973 723 nocentis
996 692 1119 735 opes,
1424 678 1512 720 350

81 754 203 796 Nam
226 756 324 796 sata
346 767 455 795 vere
477 768 600 796 novo
622 753 795 796 teneris
817 753 1039 796 lactentia
1061 751 1209 795 succis

139 825 285 868 Eruta
306 825 532 881 setigerae
555 826 782 882 comperit
806 840 884 868 ore
908 826 1015 868 suis.

79 899 169 941 Sus
191 898 381 941 dederat
403 913 576 953 poenas
602 914 611 942 t
643 899 857 954 exemplo
879 898 1070 941 territus
1092 897 1240 953 hujus

140 971 338 1014 Palmite
360 971 588 1014 debueras
611 972 892 1015 abstinuisse
915 986 1064 1027 caper.

82 1044 231 1097 Quem
253 1047 464 1100 spectans
485 1045 655 1100 aliquis
678 1045 841 1087 dentes
864 1045 914 1086 in
937 1043 1033 1086 vite
1055 1048 1347 1099 prementem
1426 1045 1513 1086 355

141 1117 272 1160 Talia
293 1132 388 1174 non
410 1117 551 1160 tacito
575 1117 699 1160 dicta
721 1117 879 1160 dolore
902 1117 1035 1159 dedit
1060 1133 1069 1167 ;

86 1191 230 1239 Rode,
252 1204 397 1246 caper,
425 1191 569 1233 vitem
595 1207 605 1242 ;
638 1194 794 1233 tamen
817 1190 940 1244 hinc,
969 1205 1075 1233 cum
1097 1189 1241 1232 stabis
1264 1190 1322 1232 ad
1345 1204 1485 1242 aram,

144 1264 201 1306 In
218 1267 302 1306 tua
323 1264 449 1320 quod
472 1264 627 1320 spargi
649 1278 822 1306 cornua
844 1262 992 1319 possit
1013 1263 1113 1306 erit.

86 1337 242 1380 Verba
258 1338 373 1380 fides
396 1338 610 1392 sequitur
633 1353 643 1389 ;
674 1351 822 1379 noxae
843 1336 933 1378 tibi
956 1335 1142 1379 deditus
1164 1334 1312 1378 hostis

146 1410 391 1466 Spargitur
407 1411 553 1452 affuso
576 1424 764 1463 cornua,
790 1409 985 1463 Bacche,
1013 1424 1153 1451 mero.
1428 1412 1515 1453 360

87 1484 237 1539 Culpa
259 1483 332 1526 sui
353 1482 514 1526 nocuit
537 1499 544 1525 :
576 1483 736 1525 nocuit
760 1496 946 1538 Quoque
969 1482 1106 1537 culpa
1128 1481 1334 1537 capellae
1359 1498 1366 1525 z

145 1556 269 1609 Quid
290 1557 387 1610 bos,
414 1556 530 1612 quid
551 1555 759 1611 placidae
783 1555 1122 1598 commeruistis
1145 1570 1256 1597 oves
1279 1555 1294 1597 ’.7

89 1629 255 1673 Flebat
278 1629 537 1683 Aristaeus,
564 1629 690 1685 quod
713 1644 822 1684 apes
845 1642 950 1671 cum
973 1629 1118 1683 stirpe
1141 1632 1329 1671 necatas

147 1701 343 1746 Viderat
365 1703 575 1758 inceptos
597 1701 866 1745 destituisse
889 1702 1032 1744 favos.

91 1774 288 1819 Caerula
309 1790 451 1831 quem
471 1775 673 1831 genitrix
705 1788 837 1830 aegre
861 1775 1007 1817 solata
1029 1774 1267 1817 dolentem
1436 1776 1522 1817 365

150 1848 353 1891 Addidit
370 1849 483 1892 haec
506 1848 641 1891 dictis
663 1848 831 1890 ultima
852 1848 995 1890 verba
1018 1848 1113 1890 suis
1140 1864 1147 1890 :

92 1922 231 1975 Siste,
258 1936 390 1977 puer,
416 1921 630 1964 lacrimas
656 1937 663 1963 z
697 1920 895 1964 Proteus
917 1924 1001 1963 tua
1022 1921 1194 1963 damna
1216 1921 1408 1973 levabit,

151 1994 347 2051 Quoque
369 1994 506 2037 modo
528 2009 715 2050 repares
737 2008 856 2049 quae
877 1994 1054 2049 periere
1077 1993 1222 2037 dabit.

95 2068 309 2124 Decipiat
325 2081 385 2110 ne
406 2070 453 2110 te
475 2067 620 2110 versis
641 2071 797 2109 tamen
820 2067 899 2109 ille
923 2065 1097 2121 figuris,

155 2140 423 2197 Impediant
443 2140 651 2195 geminas
676 2140 862 2182 vincula
882 2139 1014 2182 firma
1037 2153 1218 2182 manus.
1438 2142 1525 2184 :370

96 2213 320 2258 Pervenit
341 2213 400 2256 ad
420 2217 575 2256 vatem
595 2213 800 2269 juvenis,
826 2212 1122 2268 resolutaque
1145 2226 1304 2255 somno

160 2287 336 2342 Alligat
357 2286 574 2342 aequorei
593 2285 782 2329 brachia
804 2290 940 2342 capta
961 2286 1097 2329 senis.

102 2360 190 2407 Ille
214 2373 297 2406 sua
318 2359 482 2407 faciem
503 2359 794 2407 transformis
815 2359 1046 2406 adulterat
1069 2362 1170 2406 arte
1193 2374 1202 2411 3
