1570 2566
297 410 373 476 P.
432 365 753 478 ovinn
802 408 1225 478 NASONIS

372 588 1136 655 FA-STORUM

673 753 870 797 LIBER
902 754 939 796 I.

56 941 296 983 TEMPORA
317 954 423 982 cum
444 938 594 981 causis
617 937 805 981 Latium
827 938 1008 993 digesta
1030 953 1114 993 per
1137 953 1332 992 annum,

117 1003 358 1068 Lapsaque
382 1011 468 1054 sub
491 1014 639 1054 terras
662 1014 855 1066 ortaque
879 1011 1011 1065 signa
1033 1025 1207 1053 canam.

0 1120 15 1129 .,
59 1084 231 1140 Excipe
253 1087 433 1140 pacato,
456 1084 612 1126 Caesar
634 1083 929 1136 Germanice,
956 1083 1094 1125 vultu

116 1161 221 1204 Hoc
244 1176 374 1217 opus,
398 1165 444 1204 et
466 1160 646 1203 timidae
668 1160 816 1216 dirige
838 1160 971 1202 navis
993 1160 1085 1202 iter
1107 1176 1118 1211 ;

60 1235 330 1291 Officioque,
356 1233 509 1277 levem
529 1249 625 1277 non
646 1238 886 1277 aversatus
908 1234 1149 1286 honorem,

118 1307 246 1349 Huic
266 1307 355 1349 tibi
377 1306 550 1349 devoto
572 1307 766 1349 numine
790 1306 957 1350 dexter
980 1307 1103 1349 ades.

61 1379 199 1421 Sacra
220 1392 515 1436 recognosces
538 1378 786 1422 annalibus
809 1383 943 1422 eruta
965 1380 1144 1435 priscis,

119 1450 180 1493 Et
201 1465 295 1506 quo
317 1451 378 1493 sit
400 1451 567 1493 merito
589 1466 804 1507 quaeque
826 1456 991 1494 notata
1013 1452 1126 1494 dies.

64 1524 280 1567 Invenies
301 1523 398 1566 illic
421 1527 468 1566 et
489 1524 609 1566 festa
632 1524 887 1567 domestica
909 1525 1040 1567 vobis
1066 1541 1075 1575 ;

121 1597 266 1653 Saepe
283 1597 372 1640 tibi
392 1600 528 1653 pater
549 1601 634 1652 est,
654 1611 789 1653 saepe
812 1596 1039 1653 legendus
1062 1613 1188 1640 avus.

62 1671 286 1729 Quaeque
307 1674 468 1717 ferunt
490 1673 562 1716 illi
582 1674 737 1731 pictos
755 1674 991 1733 signantia
1013 1676 1173 1728 fastos,
1206 1664 1238 1738 ᾖ
1291 1730 1294 1734 .

120 1746 192 1788 Tu
213 1759 398 1801 quoque
420 1761 526 1789 cum
543 1747 700 1789 Druso
721 1748 929 1802 praemia
951 1748 1096 1790 fratre
1119 1729 1299 1790 feres*

63 1818 258 1862 Oaesaris
278 1834 406 1862 arma
426 1824 594 1863 canant
616 1820 713 1875 alii,
740 1835 822 1864 nos
845 1821 1041 1865 Caesaris
1064 1837 1115 1864 ar
1117 1837 1181 1876 as,

46 1949 47 1952 Ἴ
122 1890 184 1934 Et
172 1906 526 1965 wcumqiie
549 1893 690 1936 sacris
712 1893 896 1937 addidit
919 1893 999 1937 ille
1025 1894 1135 1937 dies.

13 1955 20 1970 ⁵
55 1943 234 2008 Annu'e
241 1963 445 2015 ,conanti
465 1978 550 2021 pei
571 1965 767 2008 laudes
756 1980 823 2008 ue
845 1970 1053 2020 tuorum,

123 2038 286 2095 Deque
306 2053 410 2082 meo
431 2039 628 2097 pavidos
652 2044 819 2102 excute
842 2040 977 2103 corde
1000 2045 1164 2083 metus.
1312 2048 1315 2051 “

0 2107 9 2171 ’4
64 2111 139 2155 Da
158 2111 277 2154 mihi
297 2115 345 2155 te
366 2112 620 2168 placidum,
639 2112 825 2155 dederis
849 2104 900 2155 in
922 2115 1129 2156 carmina
1152 2114 1276 2157 vires
1302 2131 1342 2165 ;--

125 2181 376 2239 Ingenium
398 2184 536 2227 vultu
559 2188 747 2241 statque
771 2185 989 2241 caditque
1012 2190 1108 2228 tuo.

0 2244 27 2335 ξ
74 2246 262 2316 Pagma
271 2254 504 2312 judicium
527 2256 655 2300 docti
678 2257 894 2300 subitura
914 2263 1131 2301 movetur
1162 2302 1164 2304 ,

0 2319 31 2412 ἐξ
135 2323 378 2387 Principis,
399 2338 454 2375 ut
476 2332 631 2377 Clario
654 2334 793 2379 missa
813 2333 1008 2395 legenda
1029 2335 1128 2379 deo.

282 2406 315 2444 B

1442 1600 1498 1640 10
