1612 2570
561 93 819 126 FASTORUM
855 92 950 124 LIB.
991 94 1022 125 Ι.
1444 78 1504 124 ‘29

135 216 415 271 Efficiatque
436 217 560 258 ratas
581 217 781 270 utraque
804 213 913 256 diva
933 227 1103 270 preces.

77 289 210 333 Bella
231 288 314 332 diu
334 292 528 332 tenuere
555 287 688 342 viros,
715 290 814 330 erat
836 287 990 342 aptior
1011 286 1133 330 ensis

131 361 352 415 Vomere,
379 360 572 403 cedebat
592 363 756 402 taurus
778 363 934 402 arator
956 372 1074 414 equo
1100 374 1110 409 ;

74 433 264 478 Sarcula
285 434 541 489 cessabant,
565 433 782 489 versique
804 433 853 475 in
874 431 972 488 pila
991 432 1183 487 ligones,

131 507 367 563 Factaque
385 507 443 550 de
465 506 603 565 rastri
623 505 828 562 pondere
850 505 990 569 cassis
1013 507 1124 547 erat.
1417 502 1504 550 700

73 580 236 623 Gratia
257 579 328 622 dis
350 579 603 636 domuique
624 583 734 622 tuae
761 581 768 622 !
800 577 997 634 religata
1018 577 1194 620 catenis

130 653 160 696 J
165 668 240 696 am
261 653 440 710 pridem
462 656 617 696 vestro
639 651 726 696 sub
747 652 867 708 pede
888 652 1010 694 bella
1031 651 1200 707 jacent.

74 726 171 769 Sub
193 727 306 783 juga
327 727 413 777 bos
432 726 606 772 veniat,
633 726 719 768 sub
741 729 887 768 terras
909 738 1064 766 semen
1087 727 1240 766 aratas
1267 739 1274 766 :

130 800 233 842 Pax
254 800 474 843 Cererem
495 799 661 853 nutrit,
683 799 810 855 pacis
831 798 1020 842 alumna
1042 797 1195 840 Ceres,

367 886 435 917 VI.
473 885 582 916 ΚΑΒ.
1070 870 1206 916 evm.

71 945 137 989 At
159 960 277 1002 quae
299 953 522 990 venturas
543 946 781 1002 praecedit
804 949 934 989 sexta
956 944 1209 998 Kalendas,
1415 942 1514 990 705·

132 1019 234 1063 Hac
255 1024 366 1063 sunt
388 1020 584 1063 Ledaeis
606 1020 784 1075 templa
803 1018 958 1062 dicata
979 1017 1089 1061 deis.

73 1093 315 1136 Fratribus
336 1094 418 1137 illa
439 1094 539 1137 deis
560 1095 728 1137 fratres
749 1093 807 1136 de
829 1096 967 1148 gente
991 1091 1187 1134 deorum

132 1166 262 1211 Circa
281 1160 516 1211 ,Iuturnae
537 1181 837 1224 composuere
859 1166 1000 1209 lacus.

365 1254 444 1285 111.
479 1255 589 1285 ΚΑΒ.
1082 1242 1219 1283 ΒΟΤΗ.

72 1315 235 1370 Ipsum
256 1328 339 1358 nos
361 1329 547 1378 car—men
569 1313 759 1357 deducit
781 1314 917 1357 Pacis
939 1314 998 1356 ad
1021 1328 1161 1356 aram.

131 1388 262 1444 Haec
284 1387 373 1431 erit
395 1404 422 1431 a
444 1388 616 1431 mensis
638 1387 729 1430 fine
752 1387 954 1430 secunda
978 1387 1089 1429 dies.
1415 1386 1501 1432 710

71 1460 108 1502 F
110 1461 335 1504 rondibus
352 1460 556 1505 Actiacis
579 1464 786 1516 comptos
807 1460 1026 1503 redimita
1055 1459 1245 1515 capillos

129 1534 232 1576 Pax
254 1534 380 1588 ades,
407 1538 454 1577 et
473 1538 577 1600 ‘tgto
599 1534 727 1576 mitis
750 1534 799 1578 in
821 1534 932 1576 orbe
953 1547 1098 1576 mane.

70 1607 196 1650 Dum
218 1607 375 1651 desint
395 1608 558 1662 host&
585 1607 706 1651 desit
729 1621 917 1663 quoque
940 1622 1078 1650 causa
1099 1606 1330 1663 triumphi
1352 1624 1361 1658 ;

130 1681 202 1724 Tu
225 1681 421 1724 ducibus
442 1681 566 1725 bello
587 1681 734 1738 gloria
755 1681 907 1737 major
928 1681 1031 1724 eriS.

71 1755 177 1798 Sola
197 1759 328 1810 gerat
350 1755 498 1809 miles,
520 1755 694 1811 quibus
716 1768 843 1797 arma
864 1758 1082 1807 coerceat,
1105 1768 1248 1809 arma,
1414 1754 1499 1800 715

128 1827 448 1884 canteturque
470 1829 570 1871 fera
590 1828 659 1871 nil
680 1828 773 1871 nisi
792 1843 962 1884 pompa
983 1829 1107 1871 tuba.

72 1901 272 1946 Horreat
294 1902 536 1945 Aeneadas
560 1906 604 1944 et
624 1902 804 1958 primus
827 1906 874 1945 et
896 1902 1091 1944 ultimus
1114 1902 1237 1944 orbis
1255 1918 1263 1951 ;

127 1976 177 2020 Si
198 1990 293 2031 qua
313 1989 477 2032 parum
503 1975 698 2018 Romam
721 1979 846 2018 terra
866 1975 1079 2028 timebat,
1107 1979 1243 2018 amet.

68 2047 206 2102 Tura,
229 2049 506 2102 sacerdotes,
532 2047 775 2091 Pacalibus
797 2047 954 2091 addite
978 2048 1192 2099 flammis,

127 2122 338 2178 Albaque
360 2121 548 2177 perfusa
568 2122 759 2165 victima
779 2122 934 2164 fronte
956 2121 1125 2179 cadat,
1413 2119 1499 2165 720

70 2194 232 2251 thue
253 2195 433 2249 domus,
456 2210 576 2251 quae
598 2200 803 2250 praestat
826 2210 942 2247 eam,
964 2209 1070 2237 cum
1091 2208 1202 2250 pace
1225 2181 1451 2250 perenm-t

128 2267 206 2311 Ad
227 2268 305 2325 pia
326 2283 580 2325 propensos
604 2272 712 2312 vota
733 2271 892 2325 rogate
915 2268 1038 2311 deos.

68 2343 161 2388 Sed
182 2344 280 2399 jam
301 2344 452 2400 prima
473 2345 567 2388 mei
587 2359 693 2400 pars
716 2348 786 2387 est
810 2348 972 2387 exacta
992 2343 1179 2396 laboris,

126 2415 338 2480 Cumque
360 2431 442 2462 suo
464 2416 605 2462 finem
628 2432 786 2462 mense
808 2417 996 2463 libellus
1019 2417 1173 2461 habet.
