1612 2570
846 77 877 137 τ’

563 184 823 216 FAsroRUM
860 181 942 215 LIB
980 183 1007 214 1.
1434 166 1489 212 11

122 304 269 349 Totus
291 306 348 349 ab
371 303 578 362 auspicio
598 319 659 347 ne
680 305 804 364 foret
826 317 980 366 agnus
1002 303 1140 345 iners.
1398 315 1403 319 ·

62 379 271 435 Quisque
291 394 400 423 suas
420 383 542 421 artes
564 377 622 420 ob
644 377 772 420 idem
794 374 976 420 delibat
999 374 1195 431 agendo,
1198 327 1393 505 s

121 451 220 495 Nec
240 452 347 509 plus
367 466 510 508 quam
532 450 725 494 solitum
746 451 1035 493 testificatur
1057 463 1189 504 opus.
1410 446 1498 492 170

61 525 179 568 Mox
200 540 285 581 ego
311 541 319 568 :
342 525 452 579 Cur,
478 524 693 581 quamvis
718 523 920 566 aliorum
943 522 1141 565 numina
1162 521 1357 576 placem,

120 598 153 640 J
156 613 258 652 ane,
283 596 372 640 tibi
389 596 594 653 primum
612 601 725 639 <tura
745 610 1025 651 merumque
1047 595 1150 637 fero
1171 594 1186 636 ἶ

62 667 126 712 Ut
147 670 296 726 possis
318 670 502 712 aditum
522 684 607 725 per
627 683 716 724 me,
743 669 826 724 qui
849 668 1016 711 limina
1038 682 1188 721 servo,

119 742 194 784 Ad
215 756 532 798 quoscumque
555 742 699 797 voles,
726 742 901 798 inquit,
928 742 1104 784 habere
1128 741 1253 783 deos,

62 815 126 858 At
147 829 228 858 cur
248 816 372 858 laeta
391 815 488 858 tuis
510 815 739 858 dicuntur
759 815 905 858 verba
927 814 1177 867 Kalendis,
1410 813 1463 857 17

121 888 184 931 Et
206 887 372 930 damus
393 888 598 930 alternas
621 889 974 944 accipimusque
998 901 1155 943 preces
1167 887 1182 929 ‘2

60 960 177 1002 Tum
195 960 311 1003 deus
328 959 605 1004 incumbens
623 960 806 1016 baculo,
829 976 972 1018 quem
991 961 1160 1003 dextra
1177 960 1383 1015 gerebat,

119 1033 287 1076 Omina
307 1033 568 1089 principiis,
596 1035 767 1090 inquit,
795 1035 948 1077 inesse
971 1035 1138 1077 solent.
1189 1048 1252 1096 ig>-

62 1106 136 1148 Ad
158 1105 357 1161 primam
379 1120 541 1150 vocem
557 1108 753 1166 :timidas
776 1108 1026 1151 advertitis
1050 1121 1203 1160 aures,

118 1179 180 1221 Et
201 1180 351 1222 visam
372 1180 580 1236 primum
604 1181 808 1224 consulit
829 1196 982 1236 augur
1004 1194 1153 1223 avem.
1410 1182 1494 1220 180

59 1250 250 1308 Templa
270 1257 435 1308 patent
456 1268 690 1310 auresque
714 1254 874 1308 deum,
901 1268 987 1297 nec
1008 1255 1172 1309 lingua
1195 1253 1392 1294 caducas

75 1334 79 1337 “
117 1325 335 1380 Concipit
357 1326 455 1369 ulla
475 1341 651 1382 preces,
679 1327 900 1383 dictaque
922 1327 1108 1383 pondus
1132 1326 1324 1368 haben-z.

62 1398 277 1441 Desierat
298 1399 331 1441 J
333 1411 484 1451 anns:
517 1408 602 1442 ne‘c
624 1399 766 1457 longa
788 1400 977 1442 silentia
998 1400 1101 1447 feci,

121 1470 212 1514 Sed
236 1470 373 1526 tetigi
393 1472 549 1515 verbis
571 1473 744 1516 ultima
765 1473 909 1516 verba
931 1474 1047 1515 meis
1074 1489 1082 1515 :

58 1543 183 1594 Quid
195 1545 309 1598 *vult
331 1545 486 1600 palma
499 1545 593 1607 {fio-,i
616 1560 882 1601 rugosaque
906 1547 1068 1601 carica,
1095 1545 1211 1597 dixi,
1406 1546 1491 1587 185

117 1617 181 1659 Et
203 1617 312 1660 data
333 1618 420 1661 sub
440 1619 581 1662 niveo
605 1619 807 1662 candida
828 1619 970 1662 mella
992 1619 1106 1661 cado
1130 1620 1139 1661 ,l

57 1689 220 1743 Omen,
244 1691 325 1745 ait,
352 1705 486 1734 causa
508 1697 596 1747 est,
620 1696 675 1735 ut
697 1706 772 1735 res
796 1706 933 1747 sapor
955 1692 1033 1733 ille
1058 1695 1300 1746 sequatur,

116 1763 178 1805 Et
200 1768 394 1820 peragat
416 1770 633 1821 coeptum
658 1765 814 1808 dulcis
837 1770 890 1807 ut
913 1780 1064 1807 annus
1088 1765 1191 1807 itei.

55 1835 225 1878 Dulcia
247 1851 328 1878 cur
349 1837 527 1901 dentur
548 1839 723 1881 video·
714 1873 723 1887 ,
747 1838 886 1894 stipis
909 1837 1063 1893 adjice
1087 1852 1294 1909 causam,

116 1908 230 1950 Pars
251 1909 370 1951 mihi
393 1909 452 1952 de
475 1910 596 1952 festo
619 1926 678 1954 nc
701 1912 829 1954 labet
851 1911 950 1953 ulli
971 1916 1069 1953 tuo.
1124 1900 1252 1959 s
1402 1913 1490 1953 190

56 1981 198 2036 Risit,
225 1985 286 2035 et,
310 1981 349 2025 O
371 1997 514 2038 quam
539 1988 585 2026 te
608 1983 785 2026 fallunt
808 1988 859 2026 tu
866 1999 892 2026 ι
915 1983 1114 2035 saecula,
1139 1983 1278 2035 dixit,

115 2053 206 2107 Qui
228 2055 350 2111 stipe
375 2055 468 2098 mel
492 2063 681 2112 sumpta
704 2056 895 2100 dulcius
918 2071 1018 2099 esse
1043 2062 1182 2111 putes
1210 2059 1216 2097 1

58 2128 157 2170 Vix
179 2143 265 2183 ego
288 2128 491 2173 Saturno
514 2145 802 2185 quemquam
825 2134 1051 2185 regnante
1076 2130 1308 2181 videbam,

117 2200 268 2256 Cujus
289 2217 385 2244 non
407 2203 564 2245 animo
589 2203 748 2245 dulcia
770 2204 900 2246 lucra
921 2203 1094 2244 forent.
1109 2217 1138 2235 τ
1172 2211 1182 2224 ⁶

56 2274 282 2330 Tempore
291 2275 441 2318 crevit
449 2290 592 2330 amor,
611 2276 693 2331 qui
707 2291 834 2319 nunc
848 2280 918 2319 est
928 2290 1155 2328 summus,
1174 2274 1378 2318 habendi
1389 2277 1421 2325 ;1
1433 2276 1489 2317 95

117 2346 216 2390 Vix
237 2347 363 2391 ultra
383 2363 477 2404 quo
499 2349 597 2405 jam
619 2349 954 2405 progrediatur
976 2348 1132 2390 habet.

61 2419 219 2463 Pluris
239 2434 352 2475 opes
373 2435 499 2464 nunc
521 2425 635 2464 sunt
658 2436 800 2477 quam
823 2422 965 2478 prisci
987 2421 1214 2476 temporis
1236 2434 1387 2475 annis,

1470 812 1495 854 Ur
