1570 2566
122 53 148 97 6
571 70 614 100 Ρ.
655 70 814 102 011011
853 71 1064 104 NAsoms

904 146 942 170 „A

109 186 239 237 Quae
262 185 322 228 sit
347 187 471 229 enim
493 188 608 230 culti
630 189 848 232 facundia
869 188 1095 233 sensimus
1117 192 1225 245 oris,

168 260 327 303 Civica
347 274 431 316 pro
454 261 653 317 trepidis
675 278 781 305 cum
802 262 916 305 tulit
937 278 1064 306 arma
1083 265 1187 308 reis.

108 335 289 377 Scimus
312 339 359 378 et
381 336 440 378 ad
462 340 644 379 nostras
666 351 774 379 cum
796 351 842 380 se
864 338 975 380 tulit
996 338 1200 394 impetus
1221 343 1357 393 artes,

165 408 352 464 Ingenii
375 414 565 453 currant
587 411 783 454 flumina
805 416 979 467 quanta
1000 412 1085 456 tui.

105 479 154 521 Si
177 479 286 523 licet
309 486 355 523 et
372 481 443 523 fas
466 486 552 536 esf„
576 486 706 525 vates
729 497 834 538 rege
857 484 979 526 vatis
1000 484 1220 538 habenas,
1479 487 1535 527 25

162 551 384 607 Auspicio
407 539 528 595 felix*
544 539 674 606 totus
695 557 750 596 ut
773 569 924 596 annus
947 558 1033 597 eat.
1048 585 1059 604 ι

103 623 332 679 Tempora
350 624 583 680 digereret
605 640 712 682 611111
730 627 945 670 conditor
966 629 1110 683 urbis,
1137 629 1186 671 in
1209 643 1330 672 anno

160 696 419 739 Constituit
437 712 615 740 menses
637 699 845 754 quinque
867 699 939 741 bis
962 715 1061 743 esse
1085 716 1180 743 suo.

102 770 288 812 Scilicet
310 785 439 812 arma
460 771 607 825 magis
630 786 771 826 quam
794 772 962 827 sidera,
989 774 1204 826 Romule,
1231 788 1380 828 noras,

162 845 375 899 Curaque
398 845 626 887 finitimos
647 846 834 888 vincere
858 847 1008 901 major
1029 851 1140 889 erat.
1478 849 1536 889 30

101 918 188 959 Est
211 922 368 960 tamen
395 921 441 960 et
463 918 597 971 ratio,
622 917 789 973 Caesar,
816 932 935 974 quae
958 920 1158 963 moverit
1180 919 1331 973 illum,

160 992 470 1047 Erroremque
493 1006 630 1034 suum
652 1006 746 1047 quo
767 995 960 1034 tueatur
980 991 1134 1035 habet.

99 1066 234 1117 Quod
259 1066 371 1107 satis
395 1069 463 1107 est
486 1069 618 1108 utero
640 1065 803 1108 matris
827 1064 939 1108 dum
961 1054 1158 1121 prodeat
1180 1067 1355 1118 infans,

161 1137 262 1181 Hoc
284 1151 405 1180 anno
429 1137 598 1180 statuit
621 1137 846 1193 temporis
869 1153 967 1181 esse
991 1137 1102 1181 satis
1123 1155 1132 1190 3

101 1210 189 1253 Per
210 1211 409 1253 totidem
434 1224 616 1253 menses
639 1225 665 1252 a
687 1211 852 1253 funere
876 1211 1088 1266 conjugis
1111 1226 1233 1254 uxor
1474 1210 1534 1253 35

161 1282 374 1325 Sustinet
396 1282 446 1324 in
469 1281 613 1324 vidua
633 1282 787 1325 tristia
809 1283 940 1338 signa
963 1283 1114 1327 domo.

100 1356 229 1399 Haec
246 1355 393 1411 igitur
415 1355 536 1397 vidit
557 1354 757 1398 trabeati
780 1371 891 1398 cura
913 1355 1101 1408 Quirini
1184 1346 1503 1442 pdssffiffi

161 1428 278 1470 Cum
304 1428 503 1470 rudibus
525 1428 711 1484 populis
733 1442 891 1470 annua
912 1429 1019 1484 jura
1040 1420 1359 1493 daretsssffm
1373 1419 1510 1538 γάλα

100 1500 268 1542 Martis
291 1504 390 1542 crat
411 1500 590 1555 primus
611 1500 800 1553 mensis,
827 1500 1118 1563 Venerisque
1140 1497 1370 1542 secundus
1392 1514 1401 1549 ;

163 1571 287 1614 Haec
307 1572 487 1627 generis
510 1570 738 1626 princeps,
763 1571 909 1626 ipsius
930 1571 1011 1613 1116
1029 1574 1172 1627 pater.
1473 1571 1532 1611 40

98 1645 282 1688 Tettius
304 1660 331 1686 a
353 1644 558 1695 senibus,
583 1643 811 1699 juvenum
836 1643 892 1684 de
914 1643 1102 1685 nomine
1125 1646 1321 1698 quartus
1345 1657 1356 1693 ;

159 1717 288 1770 Quae
311 1716 523 1771 sequitur
544 1704 738 1758 numero
760 1716 899 1758 turba
920 1719 1078 1758 notata
1098 1714 1202 1757 fuit.

102 1792 164 1832 At
191 1790 348 1832 Numa
369 1804 454 1832 nec
475 1789 507 1832 J
511 1803 654 1831 anum
676 1802 759 1832 nec
783 1789 931 1831 avitas
953 1789 1178 1844 praeterit
1201 1789 1404 1842 umbras,

160 1861 402 1905 Mens-ibus
424 1860 634 1917 antiquis
652 1860 1019 1917 praeposuitque
1042 1862 1172 1904 duos.

98 2010 172 2052 Ne
195 2012 351 2050 tamen
374 2007 554 2064 ignores
577 2006 814 2048 variorum
835 2006 943 2067 jura
966 2006 1165 2060 dierum,
1469 2005 1526 2049 45
1569 2018 1570 2065 j

158 2082 201 2123 N
208 2096 267 2123 011
290 2080 430 2122 habet
454 2079 589 2122 officii
611 2078 801 2122 Lucifer
822 2079 973 2122 onmis
995 2079 1131 2122 idem.
1569 2067 1570 2074 ἵ

98 2155 186 2197 [lle
210 2153 433 2196 Nefastus
457 2153 559 2207 erit,
586 2168 670 2208 per
691 2168 831 2208 quem
853 2154 946 2196 tria
968 2153 1110 2196 verba
1131 2152 1331 2194 silentur
1355 2165 1366 2203 3

157 2227 328 2269 Fastus
351 2227 455 2281 erit,
481 2241 566 2282 per
587 2240 727 2282 quem
750 2226 851 2281 lege
873 2226 1033 2269 licebit
1055 2225 1142 2280 agi.

101 2299 206 2344 Neu
230 2303 325 2342 toto
347 2302 556 2355 perstare
580 2298 656 2342 die
679 2313 763 2341 sua
783 2299 891 2355 jura
911 2298 1091 2362 putaris
1116 2313 1126 2349 3
