1612 2570
100 64 160 108 18
573 77 612 107 P.
655 75 813 108 ovum
853 76 1064 108 NASONIS

153 197 271 239 Mox
292 197 500 239 domitus
522 196 689 239 vinclis
709 195 759 237 in
782 211 866 239 sua
887 197 1094 240 membra
1116 198 1255 252 redit,

95 269 280 326 Oraque
303 271 516 313 caerulea
539 270 706 312 tollens
727 270 935 313 rorantia
955 270 1115 326 barba,
1431 273 1518 318 375

154 343 268 397 Qua,
292 344 429 398 dixit,
455 357 643 399 repares
667 345 766 384 arte
786 343 987 399 requiris
1009 358 1117 399 apes
1136 345 1151 388 ’ἒ

97 415 255 459 Obrue
276 416 466 459 mactati
487 431 654 471 corpus
675 415 845 458 tellure
866 416 1056 472 juvenci
1081 433 1091 469 ;

152 489 288 541 Quod
303 489 425 545 petis
447 504 474 532 a
494 489 646 542 nobis,
672 488 870 531 obrutus
891 488 970 532 ille
994 488 1138 532 dabit.

93 561 126 604 J
129 577 237 605 ussa
258 562 373 606 facit
395 566 555 618 pastor
575 578 585 614 3
617 562 802 604 fervent
817 562 1032 604 examina
1053 563 1183 618 putri

151 639 222 680 De
243 637 362 679 bove
387 652 397 687 ;
429 635 556 678 mille
578 635 756 677 animas
777 650 872 677 una
893 640 1058 678 necata
1081 635 1224 678 dedit.
1430 637 1519 679 380

91 711 250 754 Pascit
273 724 407 752 ovem
429 711 618 764 pratum
640 723 649 759 ;
682 707 909 750 verbenas
931 707 1143 764 improba
1165 709 1337 764 carpsit

151 784 277 836 Quas
298 783 376 838 pia
397 782 468 824 dis
489 781 619 823 ruris·
633 781 754 823 ferre
777 780 953 824 solebat
975 797 1106 825 anus.

92 857 217 911 Quid
236 856 328 899 tuti
351 858 580 910 superest,
607 854 809 896 animam
835 868 940 896 cum
963 858 1106 909 ponat
1127 855 1176 896 in
1199 852 1303 896 aris'

152 930 529 985 Lanigerumque
551 941 692 982 pecus
714 927 1035 983 ruricolaeque
1059 927 1200 970 boves
1223 927 1234 969 ἔ

91 1004 253 1046 Placat
275 1016 395 1057 equo
418 999 575 1043 Persis
597 999 742 1042 radiis
767 999 1041 1055 Hyperiona
1063 1000 1284 1054 cinctum,
1432 1001 1518 1042 385

148 1078 222 1119 Ne
245 1075 387 1118 detur
409 1072 548 1117 celeri
571 1073 764 1115 victima
785 1072 921 1115 tarda
943 1072 1042 1116 deo.

90 1148 226 1202 Quod
249 1148 391 1191 semel
413 1151 482 1190 est
504 1145 680 1202 triplici
701 1160 785 1202 pro
809 1145 988 1201 virgine
1012 1161 1143 1189 caesa
1165 1146 1363 1200 Dianae,

150 1223 290 1265 Nunc
311 1236 497 1277 quoque
519 1234 602 1276 pro
624 1219 756 1262 nulla
776 1219 958 1274 virgine
981 1234 1116 1262 cerva
1138 1219 1288 1262 datur.

90 1296 214 1338 Exta
235 1310 402 1338 canum
424 1294 522 1337 vidi
544 1292 728 1335 Triviae
750 1292 896 1335 libare
919 1292 1119 1347 Sapaeos

149 1370 212 1411 Et
233 1369 516 1424 quicumque
538 1370 643 1408 tuas
665 1364 847 1418 accolit,
877 1364 1069 1419 Haeme,
1092 1365 1237 1408 nives.
1429 1367 1517 1409 390

91 1442 314 1485 Caeditur
338 1445 384 1484 et
406 1440 558 1496 rigido
581 1437 763 1482 custodi
786 1437 907 1480 ruris
930 1437 1103 1481 asellus
1126 1454 1134 1481 ε

151 1514 301 1557 Causa
322 1513 544 1570 pudenda
565 1513 756 1568 quidem
779 1516 863 1562 est,
888 1512 969 1554 sed
990 1515 1147 1554 tamen
1171 1516 1278 1567 apta
1300 1511 1406 1554 deo.

91 1589 230 1631 Festa
252 1586 552 1642 corymbiferi
573 1584 840 1628 celebrabas
863 1583 1056 1627 Graecia
1078 1583 1262 1637 Bacchi,

150 1660 308 1703 Tertia
329 1674 449 1715 quae
473 1659 608 1701 solito
630 1661 840 1712 tempore
861 1657 1029 1699 bruma
1050 1657 1208 1699 refert.

92 1735 153 1776 Di
175 1747 363 1789 quoque
387 1732 587 1775 cultores
610 1731 660 1772 in
682 1730 807 1773 idem
830 1744 998 1773 venere
1021 1730 1181 1786 Lyaei,
1423 1732 1512 1774 395

151 1806 211 1848 Et
233 1806 514 1862 quicumque
536 1804 629 1860 joci
649 1818 744 1846 non
767 1804 947 1846 alienus
971 1808 1086 1857 erat,

96 1880 244 1922 Panes
266 1884 309 1921 et
335 1879 383 1920 in
406 1892 627 1920 venerem
652 1876 926 1932 Satyrorum
948 1891 1095 1932 prono
1117 1877 1363 1933 juventus,

154 1953 376 2008 Quaeque
400 1951 560 1993 colunt
582 1953 745 1992 amnes
768 1950 959 2005 solaque
981 1965 1092 1992 rura
1114 1949 1242 1993 deae.

94 2015 301 2069 Venerat
325 2028 370 2067 et
394 2024 548 2066 senior
569 2023 726 2079 pando
751 2023 940 2066 Silenus
962 2021 1119 2077 asello,

157 2097 343 2153 Quique
365 2097 508 2139 rubro
531 2096 726 2152 pavidas
748 2096 941 2152 inguine
964 2100 1110 2139 terret
1132 2111 1254 2139 aves,
1432 2098 1520 2140 400

94 2171 262 2214 Dulcia
283 2170 366 2226 qui
388 2169 586 2225 dignum
607 2183 774 2212 nemus
797 2169 846 2211 in
869 2169 1086 2212 convivia
1105 2169 1229 2212 nacti
1254 2154 1262 2160 ⁸

156 2244 377 2287 Gramine
398 2242 585 2286 vestitis
607 2242 863 2285 accubuere
885 2242 1014 2286 toris.

101 2318 219 2364 Vina
241 2317 381 2363 dabat
399 2316 542 2359 Liber
565 2331 575 2367 ;
607 2315 782 2362 tulerat
805 2315 894 2358 sibi
915 2315 1115 2375 quisque
1138 2330 1356 2360 coronam
1379 2331 1389 2371 ;
