1612 2570
73 157 132 203 16
546 174 587 206 P.
629 173 789 205 ovmn
827 175 1040 208 NAsoms

128 291 273 347 Signa
293 292 473 336 dabunt
496 294 668 337 imbres
691 295 932 338 exoriente
954 295 1090 351 Lyra.

386 379 431 411 V.
467 381 534 412 ID.
1094 372 1203 412 5111:

69 444 305 498 Quattuor
324 442 441 487 adde
462 441 560 484 dies
583 441 748 484 ductos
771 456 827 484 ex
849 442 1012 484 ordine
1035 442 1201 492 Nonis,

127 518 156 561 J
160 532 277 561 anus
299 514 499 572 Agonali
520 513 624 557 luce
646 514 848 570 piandus
869 515 970 557 erit.

69 591 289 634 Nominis
312 604 410 632 esse
432 591 587 644 potest
610 588 874 631 succinctus
896 603 1034 631 causa
1053 587 1284 640 minister,

129 664 302 707 Hostia
324 661 569 706 caelitibus
592 676 686 714 quo
708 658 905 703 feriente
928 661 1054 704 cadit
1078 677 1088 712 ;
1416 660 1504 704 320

69 736 162 788 Qui
180 737 328 780 calido
351 735 534 778 strictos
557 734 792 776 tincturus
815 734 1041 790 sanguine
1064 734 1256 786 cultros,

128 811 320 866 Semper
341 809 504 864 Agone
524 808 539 850 2
571 811 702 862 rogat
728 823 736 858 3
768 822 854 849 nec
874 807 966 849 nisi
988 807 1148 862 jussus
1169 808 1274 863 agit.

69 883 192 937 Pars,
216 883 326 938 quia
347 895 441 923 non
463 881 655 923 veniant
677 879 881 935 pecudes
904 880 984 921 secl
1006 884 1217 936 agantur,
1247 879 1304 922 ab
1327 883 1433 922 actu

128 957 314 998 Nomen
335 952 595 1010 Agonalem
618 952 764 995 credit
786 952 957 994 habere
980 952 1117 996 diem.

67 1030 181 1072 Pars
203 1032 341 1084 putat
362 1029 449 1070 hoc
470 1028 643 1069 festum
665 1026 829 1081 priscis
853 1025 1048 1080 Agnalia
1070 1025 1263 1069 dictum.
1409 1028 1496 1068 325

128 1101 236 1144 Una
259 1102 320 1144 sit
342 1105 397 1143 ut
419 1100 607 1156 proprio
629 1098 788 1141 littera
811 1098 1003 1153 dempta
1025 1099 1137 1141 loco.

69 1177 158 1226 An,
181 1176 292 1230 quia
313 1173 547 1230 praevisos
570 1173 619 1214 in
642 1187 763 1227 aqua
784 1171 922 1214 timet
944 1172 1098 1214 hostia
1120 1170 1309 1225 cultros,

128 1250 170 1290 A
192 1247 371 1304 pecoris
394 1247 477 1289 lux
499 1249 569 1288 est
591 1246 680 1288 ista
702 1248 862 1287 notata
883 1245 1045 1287 metu?

70 1322 160 1364 Fas
184 1320 325 1364 etiam
346 1320 447 1363 fieri
471 1319 621 1362 solitis
646 1322 799 1362 aetate
822 1318 1031 1373 priorum

129 1395 336 1437 Nomina
358 1392 415 1436 (le
437 1392 564 1434 ludis
586 1391 726 1434 Graia
748 1391 913 1434 tulisse
936 1391 1074 1434 diem.
1413 1390 1501 1432 :330

72 1466 132 1509 Et
154 1480 291 1523 pecus
314 1467 537 1522 antiqlius
561 1464 745 1507 dicebat
768 1464 951 1518 Agonia
973 1476 1123 1505 sermo
1149 1478 1158 1505 z

129 1541 350 1595 Veraque
372 1539 550 1595 judicio
573 1542 643 1580 est
665 1538 832 1580 ultima
855 1550 991 1579 causa
1012 1551 1129 1579 meo.

72 1613 230 1668 thue
253 1627 305 1655 ea
326 1627 452 1654 nunc
475 1615 600 1654 certa
623 1614 708 1664 est,
735 1609 802 1652 ita
825 1610 927 1651 Rex
950 1609 1134 1664 placare
1159 1609 1403 1651 Sacrorum

132 1686 344 1728 Numina
366 1685 596 1740 lanigerae
620 1683 818 1738 conjuge
841 1682 972 1725 debit
995 1682 1108 1725 ovis.

80 1757 277 1800 Victima
299 1771 418 1813 quae
441 1757 610 1800 dextra
631 1756 797 1799 cecidit
821 1755 1008 1798 victrice
1032 1759 1224 1798 vocatur
1248 1771 1257 1806 3
1414 1755 1502 1797 335

134 1831 365 1874 Hostibus
387 1846 414 1873 a
435 1829 625 1872 domitis
647 1828 790 1871 hostia
812 1842 982 1871 nomen
1005 1828 1158 1871 habet.

71 1977 211 2032 Ante,
239 1977 347 2020 deos
370 1976 549 2019 homini
570 1975 697 2032 quod
720 1975 965 2018 conciliare
989 1976 1182 2028 valeret,

131 2051 223 2093 Far
246 2055 346 2093 erat
369 2054 415 2092 et
437 2050 545 2106 puri
566 2049 724 2092 lucida
744 2049 862 2092 mica
885 2049 1005 2092 salis.

72 2122 299 2166 Nondum
321 2123 580 2178 pertulerat
602 2123 864 2165 lacrimatas
891 2122 1060 2165 cortice
1084 2119 1296 2175 myrrhas

131 2195 251 2239 Acta
272 2209 355 2252 per
375 2209 626 2251 aequoreas
648 2196 834 2251 hospita
855 2195 987 2238 navis
1008 2208 1152 2250 aquas
1178 2209 1188 2244 ;
1417 2191 1504 2234 340
1534 2229 1539 2231 .

74 2270 196 2312 Tura
218 2283 303 2311 nec
328 2267 608 2324 Euphrates,
634 2283 720 2311 nec
742 2269 931 2311 miserat
958 2267 1093 2310 India
1115 2270 1310 2319 costum,

134 2341 234 2385 Nec
255 2342 444 2384 fuerant
466 2340 597 2384 rubri
620 2341 801 2396 cognita
823 2341 902 2384 fila
924 2340 1055 2384 croci.

75 2416 167 2457 Ara
190 2415 330 2457 dabat
351 2416 520 2470 fumos,
547 2415 704 2458 herbis
727 2418 946 2458 contenta
969 2413 1169 2466 Sabinis,
