1612 2570
129 120 190 165 26
606 136 647 167 P.
689 135 849 167 ovum
887 136 1099 169 NASONIS

189 253 383 312 Templa
404 255 698 299 sacerdotum
719 255 808 299 rite
830 256 984 300 dicata
1004 271 1159 300 mann.
1231 310 1234 311 ⁷

122 328 286 384 Hujus
308 332 355 371 et
377 329 626 384 auqurium
647 328 881 385 dependet
902 330 1082 386 origine
1102 330 1249 384 verbi,

182 402 245 444 Et
267 401 595 458 quodcumque
617 417 702 445 sua
723 402 757 445 J
758 403 946 458 uppiter
967 406 1098 469 afflt
1120 417 1220 458 ope.

124 475 309 530 Augeat
331 474 579 530 imperium
600 476 753 519 nostri
775 476 923 530 ducis,
951 477 1121 532 augeat
1143 489 1289 518 annos
1306 492 1316 527 3

182 548 404 605 Protegat
426 552 473 591 et
496 553 674 592 vestras
698 564 878 606 querna
899 564 1069 593 corona
1090 549 1226 592 fores.

129 621 502 678 Auspicibusque
528 622 627 665 deis
649 623 773 665 tanti
794 622 1081 678 cognominis
1107 622 1243 665 heres

184 695 350 739 Omine
374 695 612 751 suscipiat,
639 710 732 751 quo
755 700 902 751 pater,
929 696 1054 739 orbis
1078 710 1208 738 onus.

419 782 563 812 XVIII.
604 781 715 811 ΚΑΒ.
761 812 771 821 ,
1136 772 1269 811 15ΤΗ.

125 842 365 898 Respiciet
388 841 527 885 Titan
548 846 674 886 actas
697 841 780 886 ubi
800 842 970 886 tertius
994 843 1125 897 Idus,

184 916 323 958 Fient
347 916 621 960 Parrhasiae
644 931 772 959 sacra
792 917 941 959 relata
961 917 1089 959 deae.

125 990 248 1034 Nam
271 989 401 1045 prius
424 991 656 1033 Ausonias
677 995 851 1034 matres
873 993 1092 1045 carpenta
1113 988 1349 1032 vehebant
1372 1005 1381 1032 ;

186 1064 314 1106 Haec
335 1077 522 1119 quoque
545 1063 603 1106 ab
625 1064 837 1107 Evandri
859 1064 984 1107 dicta
1004 1067 1199 1119 parente
1221 1077 1327 1105 reor
1352 1078 1360 1106 :

127 1137 241 1179 Mox
265 1139 413 1180 honor
436 1137 648 1193 eripitur,
675 1138 988 1193 Matronaque
1010 1137 1216 1180 destinat
1239 1135 1390 1179 omnis

185 1210 401 1266 Ingratos
423 1209 555 1253 nulla
575 1211 704 1266 prole
725 1225 899 1254 novare
921 1211 1046 1256 viros
1067 1225 1078 1262 ;
1263 1205 1265 1207 ¹

127 1283 259 1326 Neve
283 1283 416 1326 daret
438 1288 617 1339 partus,
643 1283 740 1327 ictu
761 1284 1010 1328 temeraria
1031 1297 1164 1327 caeco

185 1356 457 1400 Visceribus
479 1372 688 1401 crescens
713 1358 981 1401 excutiebat
1004 1371 1135 1400 onus.

127 1430 418 1486 Corripuisse
440 1435 597 1487 patres
619 1446 754 1474 ausas
776 1430 976 1474 immitia
997 1435 1182 1486 nuptas,

185 1504 217 1547 J
222 1519 276 1546 us
298 1509 456 1547 tamen
479 1510 749 1560 exemptum
770 1504 1044 1558 restituisse,
1066 1505 1237 1548 ferunt.

128 1578 342 1634 Binaque
363 1593 489 1621 nunc
510 1579 686 1634 pariter
707 1579 942 1634 Tegeaeae
965 1592 1092 1621 sacra
1112 1577 1298 1634 parenti

188 1651 280 1693 Pro
302 1652 461 1707 pueris
484 1632 960 1710 fifflrginibusque
983 1651 1167 1707 jubent.

130 1724 318 1768 Scortea
339 1739 432 1768 non
454 1725 524 1768 illi
546 1726 616 1768 fas
639 1730 710 1769 est
732 1726 905 1768 inferre
927 1725 1108 1777 sacello,

50 1808 65 1857 s
99 1824 127 1849 .'.
147 1799 149 1801 ’
188 1798 264 1841 Ne
288 1799 468 1841 violent
490 1814 631 1854 puros
654 1799 923 1842 exanimata
944 1799 1082 1842 focos.

130 1871 179 1916 Si
201 1872 307 1928 quis
329 1887 456 1915 amas
478 1876 661 1916 veteres
682 1874 816 1924 ritus,
840 1873 1006 1915 assiste
1027 1871 1238 1927 precanti
1259 1887 1269 1922 3

189 1945 395 1988 Nomina
417 1946 643 2002 percipies
665 1961 759 1989 non
780 1946 868 1989 tibi
889 1951 1002 1989 nota
1023 1945 1165 2002 prius,

132 2019 345 2061 Porrima
366 2019 609 2074 placantur
629 2019 988 2075 Postvertaque,
1011 2019 1108 2061 sive
1130 2031 1326 2070 sorores,

191 2092 298 2135 Sive
320 2092 458 2147 fugae
481 2092 688 2147 comites,
715 2092 924 2136 Maenali
945 2092 1070 2146 diva,
1094 2094 1220 2133 tuae.

133 2165 296 2213 Altera
318 2164 446 2220 quod
466 2180 604 2221 porro
628 2166 798 2219 fuerat,
825 2165 1042 2209 cecinisse
1063 2166 1259 2220 putatur
1282 2177 1291 2204 z

191 2237 354 2281 Altera
375 2242 628 2281 venturum
650 2238 896 2294 postmodo
917 2235 1149 2295 quidqu-igi
1172 2238 1283 2278 erat.

426 2324 548 2355 xvn.
582 2324 695 2354 KAL.
1115 2331 1129 2342 ·
1169 2311 1306 2351 lem.

133 2385 359 2442 Candida,
388 2390 435 2430 te
455 2386 592 2430 niveo
612 2385 771 2444 posuit
792 2386 875 2430 lux
897 2383 1112 2443 proxima
1129 2382 1307 2441 templo

632 2531 666 2555 b.-
691 2546 695 2549 .

1465 259 1554 301 610

1468 624 1554 665 615

1463 1063 1552 1105 620

1465 1431 1554 1473 625
