1612 2570
130 78 192 123 ’ΖΟ
601 92 642 122 P.
682 91 840 123 ovum
878 91 1088 123 NASONIS

185 211 549 266 Intempestivos
572 211 719 253 edidit
739 226 818 253 ore
840 225 987 253 sonos.

125 285 307 327 Territa
329 285 564 340 consurgit
585 284 808 340 nymphe,
835 284 1150 340 manibusque
1174 284 1397 338 Priapum
1457 285 1544 325 435

186 358 377 414 Rejicit‚
405 361 452 400 et
472 357 657 412 fugiens
679 357 882 400 concitat
904 372 1041 400 omne
1065 356 1245 400 nemusss

124 431 280 473 Morte
303 431 436 474 dedit
457 444 628 486 poenas
651 433 815 473 auctor
835 429 1048 473 clamoris
1072 446 1082 482 ;
1116 434 1162 473 et
1183 431 1297 474 haec
1319 434 1390 473 est

186 503 568 559 Hellespontiaco
591 503 786 546 victima
806 507 936 556 grata
957 503 1058 546 deo.
1460 503 1549 547 440

126 578 337 620 Intactae
361 577 555 620 fueratis
578 592 702 631 aves,
729 577 890 619 solatia
912 576 1050 632 ruris,

183 651 440 693 Assuetum
463 650 591 692 silvis
613 633 972 706 innoou‘ffnffiiss
983 665 1144 705 genus,

125 722 252 774 Quae
274 723 428 765 facitis
449 722 600 776 nidos,
628 726 675 765 et
696 722 869 777 plumis
893 738 981 766 ova
1001 723 1188 766 fovetis.

185 795 246 837 Et
267 794 395 838 facili
417 795 576 838 dulces
599 795 741 838 editis
763 811 842 839 ore
863 796 1039 839 modos».

126 868 218 911 Sed
240 867 362 910 nihil
379 869 470 911 ista
490 868 676 924 juvant,
700 869 811 924 quia
832 870 1023 925 linguae
1045 870 1223 912 crimen
1246 868 1442 923 habetis,
1461 870 1548 912 445

185 942 339 997 Dique
362 945 534 997 putant
555 945 737 985 mentes
759 958 841 985 vos
864 943 1043 999 aperire
1066 956 1187 986 suas.

124 1016 224 1058 Nec
246 1019 406 1058 tamen
428 1015 514 1058 hoc
535 1015 703 1057 falsum
728 1032 735 1059 :
759 1031 881 1070 nam,
910 1016 981 1058 dis
1003 1020 1058 1058 ut
1079 1016 1294 1071 proxima
1314 1030 1544 1072 quaeque,

182 1089 323 1131 Nunc
343 1086 499 1144 penna
519 1103 669 1142 veras,
696 1104 821 1131 nunc
844 1089 966 1131 datis
989 1103 1066 1131 ore
1088 1076 1234 1132 notas,
1255 1078 1259 1082 ¹

124 1162 244 1204 Tuta
266 1162 349 1204 diu
369 1161 614 1204 volucrum
636 1163 789 1217 proles
811 1166 911 1206 tum
936 1148 1139 1218 denique
1154 1160 1294 1205 'caesa
1315 1165 1396 1206 est.

181 1236 208 1278 J
215 1240 512 1292 uveruntque
536 1236 646 1290 deos
669 1233 834 1278 indicis
858 1240 966 1279 exta
988 1236 1072 1278 sui.
1459 1237 1567 1278 450.

126 1310 246 1365 Ergo
271 1325 422 1365 saepe,
446 1323 527 1351 suo
551 1305 760 1365 conjunx'
783 1310 983 1353 abducta
1005 1323 1104 1352 111111
1106 1309 1186 1364 1t0,

183 1384 252 1426 U1
256 1384 350 1425 itur
373 1383 429 1425 Id
434 1383 537 1425 aliis
560 1382 648 1425 alb·
640 1399 666 1425 11
689 1382 902 1425 columba
924 1382 1051 1453 focis.

123 1457 193 1498 N
173 1472 219 1499 1ο
243 1455 435 1499 defensa
455 1457 625 1512 juvant
647 1455 892 1512 Capitolia,
919 1463 1012 1512 qno
1034 1455 1190 1500 minus
1213 1471 1350 1499 anser

182 1530 309 1572 Det
294 1545 426 1585 Jecur
448 1531 497 1572 in
518 1528 687 1583 lances,
710 1530 874 1572 Inachi
895 1530 1037 1582 lauta,
1058 1532 1178 1572 tuas.

123 1605 274 1648 Nocte
296 1605 406 1647 deae
428 1605 575 1647 noctis
598 1603 816 1647 cristatus
839 1604 1049 1647 caeditur
1070 1604 1180 1657 ales,
1456 1606 1542 1647 455

184 1678 319 1732 Quod
340 1678 556 1733 tepidum
578 1677 711 1732 vigili
733 1681 955 1733 provocat
977 1692 1056 1721 ore
1079 1678 1215 1719 diem.

125 1811 313 1854 Interea
335 1810 543 1865 Delphin
566 1810 743 1852 clarum
767 1823 907 1865 super
928 1825 1133 1867 aequora
1155 1810 1286 1853 sidus

181 1883 396 1937 Tollitur,
421 1886 468 1925 et
489 1883 655 1938 patriis
678 1883 854 1926 exserit
878 1897 955 1925 ora
976 1884 1122 1927 vadis.

416 1970 480 1999 1v.
521 1968 586 1998 ID.
778 1962 788 1968 ”
1066 1960 1199 2000 lom.

126 2031 314 2072 Postera
336 2030 419 2072 lux
443 2029 647 2072 hiemem
670 2030 826 2093 medio
850 2030 1116 2074 discrimine
1139 2032 1305 2088 signat,

182 2103 441 2158 Aequaque
464 2103 747 2158 praeteritae
771 2118 892 2159 quae
916 2104 1157 2159 superabit
1179 2105 1280 2147 erit.
1450 2106 1540 2148 460

416 2187 581 2218 111.1D.
1179 2180 1310 2221 11111.

128 2247 346 2291 Proxima
368 2247 617 2302 prospiciet
639 2248 843 2292 Tithono
866 2249 1050 2292 Aurora
1070 2250 1233 2293 relicto

185 2320 414 2368 Arcadiae
437 2334 617 2364 sacrum
639 2322 904 2377 pontificale
935 2323 1061 2367 deae.
