1570 2566
99 67 128 112 8
556 84 596 114 P.
639 83 796 116 ovmn
834 85 1047 117 NASONIS

98 201 326 246 Vestibus
348 203 542 246 intactis
564 204 786 260 Tarpeias
808 203 904 246 itur
924 205 974 248 in
996 220 1138 259 arceS,

158 279 221 321 Et
242 279 446 335 populus
468 279 589 322 festo
612 280 828 322 concolor
848 280 948 336 ipse
974 295 1057 323 suo
1081 284 1163 324 est.

1466 279 1525 322 80

97 353 300 408 Jamque
323 352 435 394 novi
455 335 683 408 praeeunt
704 354 865 407 fasces,
890 368 1014 396 nova
1036 367 1246 409 purpura
1266 354 1433 408 fulget,
1458 385 1465 389 ψ»

160 424 221 467 Et
242 440 365 467 nova
387 426 689 481 conspicuum
710 426 918 481 pondera
940 426 1084 468 sentit
1107 427 1234 469 ebur.

99 499 231 543 Colla
251 500 392 543 rudes
415 514 607 556 operum
628 501 856 556 praebent
877 501 1090 544 ferienda
1111 501 1320 558 juvenci,

158 573 284 625 Quos
306 572 425 616 aluit
447 574 621 629 campis
642 572 786 616 herba
806 573 986 617 Falisca
1007 574 1114 616 suis.

97 646 341 702 Juppiter,
369 661 473 689 arce
495 661 579 688 sua
600 661 707 689 cum
728 650 883 689 totum
905 650 1085 702 spectat
1107 646 1158 689 in
1179 646 1355 701 orbem,

159 719 242 761 Nil
263 719 356 761 nisi
379 719 641 761 Romanum
664 719 791 775 quod
812 724 1004 762 tueatur
1024 719 1179 763 habet.

101 792 255 846 Salve,
281 792 404 834 laeta
427 791 541 846 (lies,
568 793 826 848 meliorque
848 796 1083 843 revertere
1106 807 1304 848 semper,

159 868 202 907 A
222 863 397 921 populo
419 880 577 908 rerum
598 865 738 921 digna
759 855 957 921 potente
964 851 1074 908 „COH-

100 1009 251 1060 Quem
273 1012 430 1051 tamen
453 1023 553 1051 esse
578 1008 720 1050 deum
742 1012 790 1051 te
813 1008 980 1061 dicam,
1003 1008 1032 1050 J
1036 1022 1122 1050 ane
1142 1006 1356 1050 biformis
1379 1007 1391 1049 ,ἱ

162 1080 285 1122 Nam
306 1080 395 1122 tibi
416 1094 501 1136 par
521 1080 706 1122 nullum
730 1080 925 1122 Graecia
945 1093 1120 1122 numen
1142 1078 1295 1121 habet.
1335 1074 1382 1113 V

105 1152 205 1196 Ede
227 1153 368 1196 simul
390 1168 577 1196 causam
598 1168 681 1196 cur
702 1153 758 1195 de
781 1152 1059 1196 caelestibus
1081 1166 1206 1194 unus

163 1226 329 1282 Sitque
351 1227 478 1283 quod
500 1242 526 1270 a
547 1231 678 1282 tergo
700 1227 855 1282 sitque
877 1226 1003 1282 quod
1025 1230 1134 1269 ante
1157 1225 1303 1268 vides.

103 1302 234 1344 Haec
258 1316 342 1357 ego
366 1317 470 1345 cuni
493 1303 693 1358 sumptis
716 1302 942 1356 agitarem
963 1305 1123 1344 mente
1145 1298 1350 1352 tabellis,

162 1374 383 1417 Lucidior
405 1375 505 1416 visa
528 1378 614 1428 est,
640 1389 782 1429 quam
803 1374 897 1416 fuit
919 1378 1042 1428 ante,
1069 1373 1250 1415 domus.

103 1447 223 1489 Tum
247 1462 374 1490 sacer
395 1448 591 1503 ancipiti
612 1447 857 1490 mirandus
880 1447 1083 1502 imagine
1104 1446 1132 1488 J
1137 1460 1255 1488 anus

163 1521 283 1563 Bina
305 1536 474 1577 repens
496 1522 643 1564 oculis
665 1520 839 1563 obtulit
861 1536 942 1563 ora
963 1521 1091 1562 meis.

104 1593 337 1648 Extimui,
364 1595 579 1650 sensique
601 1599 732 1636 metu
752 1593 951 1648 riguisse
974 1593 1182 1648 capiIIOS,

164 1669 227 1710 Et
249 1667 460 1723 gelidum
483 1667 639 1710 subito
656 1667 829 1722 frigore
851 1670 1014 1723 pectus
1037 1669 1150 1708 erat.

107 1741 210 1794 Ille,
236 1744 404 1783 tenens
426 1740 591 1782 (lextra
606 1739 824 1782 baculum
847 1739 1117 1794 clavemque
1141 1738 1346 1792 sinistra,

166 1815 331 1857 Edidit
353 1815 438 1856 hos
460 1812 594 1856 nobis
617 1828 695 1856 ore
718 1813 874 1868 priore
897 1826 1033 1855 sonos
1057 1827 1066 1854 ε

108 1888 260 1940 Disce,
287 1891 418 1930 metu
441 1886 608 1942 positO,
634 1890 765 1928 vates
788 1900 979 1941 operose
1002 1885 1203 1938 dierum,

166 1960 303 2012 Quod
325 1960 463 2015 petis,
492 1963 537 2001 et
559 1973 694 2001 voces
716 1958 904 2014 percipe
926 1963 1083 2000 mente
1105 1970 1242 2000 meas,

108 2035 185 2078 Me
209 2034 361 2077 Chaos
383 2033 582 2089 antiqui,
608 2047 714 2075 nam
740 2046 842 2074 sum
863 2047 937 2074 res
959 2031 1124 2087 prisca,
1149 2030 1395 2074 vocabant.

169 2108 354 2163 Aspice,
381 2121 523 2162 quam
545 2106 674 2161 longi
695 2104 922 2161 temporis
944 2108 1045 2147 acta
1066 2117 1240 2147 canam.

115 2178 324 2223 Lucidus
341 2177 418 2220 hic
441 2182 519 2219 aer
541 2181 588 2220 et
610 2191 730 2232 quae
751 2176 844 2218 tria
866 2189 1058 2230 corpora
1073 2176 1269 2226 restant,

172 2252 318 2309 Ignis,
344 2265 508 2307 aquae,
533 2250 690 2303 tellus,
715 2262 839 2291 unus
860 2262 1051 2292 acervus
1071 2251 1217 2291 erant.

123 2327 190 2373 Ut
212 2323 354 2371 semel
376 2324 489 2373 haec
511 2337 667 2366 rerum
690 2322 879 2371 secessit
899 2320 984 2367 lite
1006 2335 1210 2379 suarum,

1470 647 1515 688 8ι

1472 1077 1570 1120 90¹

1473 1446 1530 1487 95

1450 1813 1535 1853 100

1454 2174 1538 2219 105
