1612 2570
555 118 809 152 FASTORUM
845 118 942 151 Lm.
984 118 1014 150 1.
1428 102 1486 151 21

0 257 37 299 gu
67 240 131 286 Te
153 256 342 298 quoque
362 239 448 297 lux
471 239 648 294 eadem,
676 239 825 297 Turni
847 254 986 293 soror,
1008 237 1120 281 aede
1143 239 1334 295 recepit,

26 302 31 309 ⁵
125 315 222 358 Hic
244 313 327 357 ubi
348 313 571 370 Virginea
595 327 788 369 campus
811 313 971 355 obitur
993 327 1128 369 aqua.

68 387 207 432 Unde
229 391 390 444 petam
411 401 572 430 causas
593 386 762 443 horum
783 400 1054 442 moremque
1077 400 1311 447 sacrorum
1329 386 1343 429 ἶ
1402 387 1489 429 465

125 461 311 517 Dirigat
334 461 382 503 in
405 460 561 503 medio
584 460 690 516 quis
712 475 815 503 mea
838 460 942 503 vela
964 460 1114 503 freto?
1274 474 1290 483 ⁹

68 534 177 591 Ipsa
197 549 351 588 mone,
378 548 499 589 quae
520 548 693 576 nomen
716 533 861 576 habes
887 549 914 575 a
935 533 1136 592 carmine
1158 533 1368 588 ductum,

126 608 469 663 Propositoque
491 607 620 661 fave,
641 621 700 649 ne
721 610 834 649 tuus
858 610 982 667 erret
1004 607 1164 649 honos.

67 681 181 724 Orta
201 680 332 736 prior
355 680 484 734 luna,
511 679 570 723 de
593 694 639 723 se
663 680 701 722 si
723 673 931 723 creditur
953 679 1058 735 ipsi,

123 755 167 796 A
181 752 356 809 *magno
377 753 520 814 tellus
542 752 726 796 Arcade
747 768 916 796 nomen
941 747 1096 797 habet.
1399 752 1486 801 470

66 826 159 869 Hic
180 827 274 869 fuit
296 826 530 880 Evander,
553 827 651 882 qui,
678 841 964 882 quamquam
987 827 1136 868 clarus
1161 831 1376 883 utroque,

125 899 343 942 Nobilior
365 914 520 942 sacrae
543 899 771 955 sanguine
794 899 958 942 matris
983 904 1095 954 erat,

65 972 209 1026 Quae,
235 972 375 1014 simul
396 972 630 1015 aetherios
653 973 810 1015 animo
833 977 1108 1032 conceperat
1131 974 1276 1028 ignes,

125 1047 216 1089 Ore
241 1045 384 1088 dabat
406 1059 515 1088 vero
539 1046 742 1088 carmina
762 1047 901 1101 plena
923 1046 1009 1087 dei.

66 1119 264 1162 Dixerat
286 1106 398 1161 haec
418 1122 532 1161 nato
555 1123 712 1162 motus
728 1102 903 1162 inst‘isre
923 1118 1139 1176 sibique„
1404 1123 1492 1167 475

125 1191 367 1248 Multaque
388 1196 646 1248 praeterea,
671 1197 881 1248 tempore
904 1193 1217 1256 nactgzwfigieni.

65 1266 188 1308 Nam
209 1265 399 1321 juvenis
421 1265 622 1308 nimium
643 1280 753 1321 vera
776 1281 880 1308 cum
902 1271 1050 1308 matre
1072 1267 1260 1330 fugatus

126 1338 311 1381 Deserit
333 1339 584 1381 Arcadiam
608 1337 1003 1395 Parrhasiumque
1025 1329 1184 1399 larem}

66 1411 155 1454 Cui
177 1412 382 1474 genitrix
402 1411 550 1465 flenti,
578 1411 791 1455 Fortuna
813 1413 1028 1474 vhffiiten
1056 1414 1228 1469 inquit,

126 1485 323 1539 —Siste,
349 1499 525 1540 precor,
552 1485 916 1542 lacrimas—ista
938 1486 1133 1529 ferenda
1154 1488 1242 1530 tibi
1265 1493 1349 1532 est.
1399 1492 1487 1533 480

68 1558 143 1611 Sic
165 1562 263 1609 erat
287 1559 336 1600 in
357 1558 485 1613 fatis,
510 1563 664 1620 necte
686 1564 770 1601 tua
791 1559 929 1615 culpa
951 1559 1149 1614 fugavit,

127 1631 220 1674 Sed
242 1631 358 1674 deus
378 1647 389 1683 ;
419 1632 593 1674 offenso
615 1631 778 1688 pulsus
801 1646 849 1674 es
873 1632 989 1673 urbe
1013 1632 1116 1676 deo.

69 1704 179 1747 Non
202 1705 358 1747 meriti
378 1718 578 1761 poenam
600 1705 776 1767 pate-ris
799 1705 879 1747 sed
902 1705 1111 1747 numinis
1134 1706 1252 1749 iram
1278 1724 1288 1759 ;
1318 1750 1342 1765 Ι,

130 1776 213 1820 Est
235 1775 618 1861 aliquffmagnis
641 1779 815 1839 crimen
839 1779 999 1820 abesse
1022 1777 1170 1822 malis.
1247 1769 1313 1820 Μ’

69 1850 266 1893 Conscia
287 1842 420 1893 mens
443 1854 497 1893 ut
520 1852 688 1907 cuique
712 1866 798 1912 sua
821 1857 907 1911 est,
930 1851 998 1894 ita
1020 1853 1220 1908 concipit
1244 1854 1368 1898 intra
1403 1859 1489 1901 485

129 1923 325 1966 Pectora
345 1936 431 1979 pro
453 1923 577 1966 facto
601 1937 821 1979 spemque
844 1927 1115 1979 metumque
1139 1941 1234 1983 suo.

72 1995 171 2039 Nec
190 1999 348 2038 tamen
370 1999 424 2038 ut
445 1996 626 2052 primus
648 2011 803 2039 maere
826 1995 949 2039 mala
971 1997 1086 2039 talia
1108 2012 1272 2053 passus
1300 2017 1309 2051 ;

130 2067 300 2111 Obruit
322 2068 538 2124 ingentes
559 2068 650 2111 ista
671 2068 873 2124 procella
896 2070 1034 2112 viros.

74 2139 242 2184 Passus
266 2140 392 2184 idem
415 2145 484 2184 est
508 2142 661 2198 Tyriis
682 2142 766 2198 qui
788 2143 1027 2198 quondam
1049 2143 1213 2205 pulsus
1237 2146 1295 2188 ab
1319 2147 1412 2190 oris

131 2212 336 2275 Cadmus
358 2214 408 2257 in
429 2215 584 2269 AQia
605 2215 814 2280 constitit
837 2216 948 2258 exul
971 2214 1128 2258 humo.
1274 2241 1275 2244 ¹
1299 2240 1300 2243 =
1358 2214 1363 2218 ’
1398 2223 1491 2265 490

72 2286 242 2330 Passus
263 2287 390 2330 idem
413 2286 620 2349 Tydeus,
647 2275 704 2331 εἶ
717 2287 839 2331 idem
862 2289 1123 2345 Pagasaeus
1147 2290 1316 2346 Iason,-

132 2358 196 2402 Et
216 2373 335 2415 quos
357 2364 601 2415 praeterea
622 2361 760 2416 longa
780 2360 954 2405 referre
976 2376 1104 2405 mora
1127 2367 1208 2405 est.

282 2433 308 2466 C
