1612 2570
570 104 829 138 FAsToRUM
867 104 961 138 Lm.
1003 104 1032 139 1.
1450 93 1511 140 23

83 220 220 268 Victa
240 228 400 269 tamen
421 225 596 281 vinces,
626 240 879 282 eversaque
903 225 1044 283 Troja
1065 241 1278 284 resurges
1307 244 1316 279 3

143 300 322 344 Obruet
342 298 538 352 hostiles
562 300 654 343 ista
675 300 814 343 ruina
835 300 1011 344 domos.

87 373 224 417 Urite
246 373 461 416 victrices
485 372 731 430 Neptunia
752 372 981 431 Pergama
1001 374 1216 417 flammae
1245 390 1252 417 ;
1424 376 1525 416 525-

143 446 190 489 N
192 461 274 489 um
295 446 452 489 minus
473 445 549 489 hic
570 449 670 488 toto
694 449 766 489 est
789 446 929 489 altior
950 447 1059 490 orbe
1083 447 1199 490 cinis
1222 448 1233 490 ἔ

84 522 192 576 Jam
213 522 320 578 pius
343 520 530 564 Aeneas
552 535 698 576 sacra,
725 524 772 564 et
795 535 925 564 sacra
947 522 1094 564 altera
1114 526 1315 577 patrem,

141 596 351 638 Afferet:
383 595 551 638 Iliacos
574 595 751 650 excipe,
778 595 940 648 Vesta,
970 595 1090 636 deos.

83 668 288 724 Tempus
311 667 401 711 erit
421 683 526 711 cum
549 683 630 711 vos
652 667 903 723 orbemque
926 668 1142 710 tuebitur
1163 667 1306 719 idem,

142 741 204 784 Et
225 740 340 784 fient
362 741 464 797 ipso
487 755 616 784 sacra
637 741 819 784 colente
842 741 930 784 deo
959 756 967 792 ;
1427 739 1516 783 530

84 816 145 858 Et
166 830 309 871 penes
331 815 571 870 Augustos
592 815 773 870 patriae
794 815 946 857 tutela
967 814 1188 857 manebit.

142 889 279 932 Hanc
298 889 369 944 ζει-3
390 888 578 944 imperii
597 889 730 931 frena
752 892 912 931 tenere
936 889 1140 932 domum.

84 963 201 1005 Inde
223 976 367 1018 nepos
391 966 624 1017 natusque
648 962 737 1015 dei,
760 962 868 1004 licet
890 963 989 1017 ipse
1022 966 1217 1014 recuset,

141 1034 359 1077 Pondera
379 1035 568 1077 caelesti
589 1038 747 1077 mente
770 1038 967 1089 paterna
988 1035 1122 1078 feret.
1171 1078 1213 1101 V

83 1107 242 1163 thue
265 1122 348 1164 ego
369 1100 608 1164 perpetuis
630 1107 741 1150 olim
764 1108 978 1151 sacrabor
998 1108 1048 1150 in
1072 1109 1178 1162 aris,
1427 1110 1513 1151 530

142 1180 217 1223 Sic
238 1170 453 1245 Affgusta
473 1194 650 1223 novum
671 1181 704 1223 J
706 1181 804 1237 ulia
824 1196 1001 1224 numen
1024 1181 1125 1245 erjt.

83 1257 272 1299 Talibus
293 1261 349 1299 ut
370 1257 510 1315 dietis
532 1260 718 1299 nostros
741 1257 986 1300 descendit
1008 1257 1056 1300 in
1080 1273 1241 1310 annos,
1277 1256 1281 1258 ἡ

143 1330 365 1374 Substitit
388 1324 438 1372 in'
459 1330 638 1373 medios
660 1330 864 1386 praescia
885 1331 1046 1386 lingua
1067 1346 1219 1374 sonos.

84 1403 329 1459 Puppibus
352 1416 562 1458 egressus
585 1402 722 1444 Latia
744 1403 873 1445 stetit
896 1404 1005 1446 exul
1027 1403 1074 1445 in
1098 1404 1256 1446 herba.

142 1476 291 1530 Felix,
315 1477 508 1519 exilium
530 1475 607 1519 cui
629 1476 757 1518 locus
779 1476 858 1519 ille
881 1476 972 1519 fuit
998 1479 1005 1519 ἔ
1428 1477 1515 1519 ’540

83 1551 129 1595 N
133 1566 184 1594 ec
204 1565 334 1594 mora
354 1550 491 1606 longa
512 1550 604 1592 fuit
631 1566 640 1601 ;
673 1550 863 1593 stabant
885 1565 1008 1593 nova
1030 1554 1167 1603 tecta,
1192 1565 1276 1592 nec
1300 1550 1420 1592 alter

141 1612 387 1667 Montibus
409 1624 630 1667 Ausoniis
652 1624 831 1668 Arcade
854 1623 1007 1680 major
1029 1628 1143 1668 erat.

84 1770 202 1814 Ecce
223 1770 365 1818 boves
387 1771 499 1814 illuc
520 1771 806 1827 Erytheidas
828 1770 1031 1827 applicat
1054 1771 1190 1813 heros

142 1845 376 1888 Emensus
397 1845 525 1900 longi
548 1845 749 1901 claviger
770 1844 894 1887 orbis
917 1845 1022 1888 iter.

85 1920 305 1975 Dumque
337 1919 446 1961 huic
483 1919 740 1974 hospitium
773 1918 940 1960 domus
978 1921 1049 1960 est
1088 1918 1311 1973 Tegeaea,
1350 1932 1426 1960 va-

258 1996 430 2048 gantur
1429 1991 1516 2033 545

143 2065 464 2108 Incustoditae
486 2064 583 2126 lata
605 2078 687 2121 per
709 2072 821 2107 a‘rva
842 2063 997 2107 boves.

83 2138 228 2182 Mane
251 2142 351 2182 erat
377 2154 385 2182 :
418 2153 641 2182 excussus
664 2154 826 2182 somno
850 2138 1128 2194 Tirynthius
1151 2138 1321 2194 hospes

143 2211 214 2254 De
235 2224 430 2254 numero
451 2215 612 2254 tauros
635 2212 781 2254 sentit
804 2211 963 2255 abesse
986 2211 1118 2254 duos.

84 2285 131 2328 N
133 2284 228 2328 ulla
249 2283 380 2327 videt
403 2298 634 2340 quaerens
656 2283 788 2327 taciti
811 2284 1010 2340 vestigia
1030 2284 1148 2327 furti
1173 2300 1182 2334 ;

144 2358 369 2400 Traxerat
391 2371 577 2401 aversos
600 2357 749 2402 Cacus
771 2357 822 2411 in
846 2362 981 2401 antra
1004 2359 1147 2423 fier-(232
1431 2358 1518 2400 550
