1612 2570
79 127 138 173 12
549 144 590 178 P.
633 144 796 178 ovmn
833 143 1048 176 NASONIS

126 262 253 305 Dum
277 264 482 320 populus
504 279 702 321 pauper,
729 264 840 307 dum
863 279 986 307 nova
1009 264 1161 307 Roma
1184 264 1293 319 fuit,

69 335 196 378 Dum
220 352 323 379 casa
339 337 656 393 Martigenam
680 338 897 393 capiebat
919 352 1066 392 parva
1087 337 1357 392 Quirinum,

129 408 193 450 Et
216 408 357 452 dabat
381 410 607 465 exiguum
628 411 840 453 fluminis
855 411 970 453 ulva
990 414 1163 453 torum.
1414 412 1505 452 200

70 483 103 525 J
106 482 296 538 uppiter
316 488 518 538 angusta
540 485 623 526 vix
645 488 777 526 totus
801 482 957 526 stabat
979 484 1030 526 in
1052 483 1182 537 aede,

135 557 289 612 Inque
311 557 343 599 J
347 547 448 599 01713
469 557 640 600 dextra
660 557 806 616 fictile
827 557 1010 599 fulmen
1033 561 1148 600 erat.

73 630 341 672 Frondibus
365 631 614 682 ornabant,
637 645 759 686 quae
782 645 910 673 nunc
933 630 1170 686 Capitolia
1190 628 1399 686 gemmis.

133 704 454 759 Pascebatque
477 717 582 746 suas
606 704 706 760 ipse
729 707 915 746 senator
934 717 1045 746 oves
1068 719 1078 755 ;

75 777 177 820 Nec
199 777 352 832 pudor
374 777 423 819 in
446 776 624 832 stipula
645 777 879 832 placidam
901 777 1075 832 cepisse
1097 777 1324 833 quietem,
1420 778 1507 820 205

134 850 196 893 Et
217 851 410 914 foenum
434 851 577 906 capiti
600 851 903 905 supposuisse
926 851 1033 893 fuit.
1540 860 1612 935 Δ

75 924 107 966 J
110 938 196 966 ura
217 923 360 966 dabat
381 924 569 979 populis
591 924 745 979 posito
766 924 906 966 modo
928 927 1119 983 praetor
1141 927 1311 978 aratro,
1339 912 1540 972 awwff'·

137 996 197 1039 Et
219 996 337 1039 levis
360 997 543 1052 argenti
566 997 744 1040 lamina
767 997 947 1040 crimen
971 1001 1085 1040 erat.

76 1073 141 1114 At
163 1074 410 1126 postquam
433 1071 627 1113 fortuna
649 1070 740 1112 loci
759 1075 900 1126 caput
926 1071 1103 1113 extulit
1125 1071 1288 1126 hujus,

138 1144 200 1186 Et
221 1144 380 1199 tetigit
404 1157 611 1186 summos
633 1144 812 1186 vertice
835 1144 987 1186 Roma
1010 1144 1122 1186 deos
1149 1144 1260 1207 34sf'
1422 1145 1511 1186 210

77 1218 338 1261 Creverunt
361 1221 409 1260 et
431 1232 541 1272 opes
565 1221 612 1260 et
635 1230 778 1273 opum
801 1218 981 1260 furiosa
1003 1217 1190 1273 cupid0‚

138 1292 201 1334 Et
226 1306 329 1334 cum
352 1291 625 1346 possideant
649 1290 856 1346 plurima
877 1290 1016 1348 plura
1036 1295 1223 1346 petunt.

76 1365 308 1417 Quaerere
331 1368 384 1406 ut
407 1364 673 1417 absumant,
700 1364 951 1419 absumpta
972 1365 1210 1419 requirere
1233 1366 1416 1406 certant
1441 1378 1452 1414 3

135 1440 293 1494 Atque
317 1439 443 1493 ipsae
466 1438 598 1480 vitiis
622 1442 736 1480 sunt
761 1438 984 1480 alimenta
1007 1438 1144 1480 vices.

75 1513 164 1566 Sic,
191 1512 363 1567 quibus
386 1511 619 1553 intumuit
642 1511 821 1554 suffusa
843 1515 1011 1553 venter
1032 1511 1089 1553 ab
1108 1510 1251 1565 unda,
1418 1511 1505 1552 215

137 1585 239 1637 Quo
261 1585 369 1640 plus
392 1588 505 1626 sunt
526 1588 679 1639 potae,
702 1584 809 1639 plus
832 1584 1066 1626 sitiuntur
1088 1598 1252 1640 aquae,

80 1659 136 1701 In
158 1659 311 1713 pretio
333 1658 542 1712 pretium
564 1672 692 1700 nunc
714 1661 785 1699 est
806 1673 815 1708 ;
839 1657 921 1699 dat
944 1672 1113 1700 census
1134 1658 1352 1712 honores,

138 1731 317 1773 Census
340 1731 569 1773 amicitias
592 1746 601 1781 ;
634 1745 816 1786 pauper
838 1731 1015 1786 ubique
1037 1731 1173 1786 jacet.

83 1805 152 1847 Tu
174 1812 332 1846 tamen
356 1803 619 1859 auspicium
642 1805 682 1846 si
705 1804 765 1846 sit
787 1804 923 1859 stipis
945 1804 1064 1846 utile
1087 1804 1290 1859 quaeris,

139 1877 328 1932 Cui-que
349 1877 518 1932 juvent
541 1882 726 1919 nostras
748 1891 854 1919 aera
875 1881 1064 1919 vetusta
1086 1891 1266 1919 manus.
1423 1877 1511 1918 220

84 1953 206 1994 Aera
227 1950 401 1993 dabant
423 1951 533 1994 olim
555 1967 564 2002 ;
597 1951 766 1993 melius
788 1965 913 1993 nunc
935 1965 1073 1993 omen
1095 1950 1144 1992 in
1166 1965 1279 1992 auro
1303 1953 1386 2003 est,

144 2025 377 2079 Victaque
400 2024 626 2066 conces<it
643 2025 794 2079 prisca
816 2028 1003 2066 moneta
1019 2038 1180 2066 novae.

87 2099 187 2141 Nos
204 2112 389 2154 quoque
407 2097 582 2153 templa
601 2098 786 2153 juvant,
806 2097 1021 2153 quamvis
1036 2097 1229 2152 antiqua
1245 2095 1509 2152 probemus,

145 2173 302 2214 Aurea
326 2186 335 2222 ;
359 2170 584 2225 majestas
607 2172 828 2214 convenit
852 2171 944 2213 ista
966 2171 1066 2213 deo.

87 2245 355 2288 Laudamus
378 2248 564 2286 veteres
586 2244 668 2286 sed
691 2245 866 2286 nostris
890 2243 1071 2286 utimur
1092 2241 1231 2285 annis
1251 2257 1262 2294 ;
1425 2243 1510 2283 225

149 2317 250 2360 Mos
272 2321 431 2360 tamen
454 2321 523 2360 est
545 2331 693 2372 aeque
717 2317 888 2372 dignus
909 2321 1110 2372 uterque
1133 2315 1235 2358 coli.

92 2392 300 2434 Finierat
322 2391 531 2433 monitus
553 2407 564 2443 ;
596 2390 795 2446 placidis
817 2391 885 2433 ita
906 2404 1084 2443 rursuS,
1112 2393 1164 2430 ut
1185 2392 1313 2442 ante,
