<?xml version="1.0" encoding="UTF-8"?>
<!DOCTYPE html PUBLIC "-//W3C//DTD XHTML 1.0 Transitional//EN"
    "http://www.w3.org/TR/xhtml1/DTD/xhtml1-transitional.dtd">
<html xmlns="http://www.w3.org/1999/xhtml" xml:lang="en" lang="en">
 <head>
  <title>
</title>
<meta http-equiv="Content-Type" content="text/html;charset=utf-8" />
  <meta name='ocr-system' content='tesseract 3.04.00' />
  <meta name='ocr-capabilities' content='ocr_page ocr_carea ocr_par ocr_line ocrx_word'/>
</head>
<body>
  <div class='ocr_page' id='page_1' title='image "./povidiinasonisfa00ovid_0037.png"; bbox 0 0 1612 2570; ppageno 0'>
   <div class='ocr_carea' id='block_1_1' title="bbox 615 37 1556 84">
    <p class='ocr_par' dir='ltr' id='par_1_1' title="bbox 615 37 1556 84">
     <span class='ocr_line' id='line_1_1' title="bbox 615 37 1556 84; baseline -0.001 -1"><span class='ocrx_word' id='word_1_1' title='bbox 615 52 873 84; x_wconf 82' lang='lat' dir='ltr'><strong>FASTORUM</strong></span> <span class='ocrx_word' id='word_1_2' title='bbox 913 52 1009 83; x_wconf 88' lang='lat' dir='ltr'><strong>LIB.</strong></span> <span class='ocrx_word' id='word_1_3' title='bbox 1052 53 1083 84; x_wconf 81' lang='grc' dir='ltr'>Ι.</span> <span class='ocrx_word' id='word_1_4' title='bbox 1497 37 1556 83; x_wconf 80' lang='grc'>19</span> 
     </span>
    </p>
   </div>
   <div class='ocr_carea' id='block_1_2' title="bbox 122 172 1558 2340">
    <p class='ocr_par' dir='ltr' id='par_1_2' title="bbox 122 172 1558 2340">
     <span class='ocr_line' id='line_1_2' title="bbox 191 172 1120 229; baseline 0 -13"><span class='ocrx_word' id='word_1_5' title='bbox 191 174 459 218; x_wconf 85' lang='lat' dir='ltr'>Miscendas</span> <span class='ocrx_word' id='word_1_6' title='bbox 474 174 601 229; x_wconf 84' lang='lat' dir='ltr'>large</span> <span class='ocrx_word' id='word_1_7' title='bbox 623 173 753 215; x_wconf 85' lang='lat' dir='ltr'>rivus</span> <span class='ocrx_word' id='word_1_8' title='bbox 775 172 941 227; x_wconf 85' lang='lat' dir='ltr'>agebat</span> <span class='ocrx_word' id='word_1_9' title='bbox 962 187 1120 227; x_wconf 78' lang='lat' dir='ltr'>aquas,</span> 
     </span>
     <span class='ocr_line' id='line_1_3' title="bbox 133 245 1558 301; baseline -0.003 -11"><span class='ocrx_word' id='word_1_10' title='bbox 133 247 178 290; x_wconf 92' lang='lat' dir='ltr'>N</span> <span class='ocrx_word' id='word_1_11' title='bbox 182 248 338 291; x_wconf 80' lang='lat' dir='ltr'>ai&#39;ades</span> <span class='ocrx_word' id='word_1_12' title='bbox 361 247 518 291; x_wconf 86' lang='lat' dir='ltr'>effusis</span> <span class='ocrx_word' id='word_1_13' title='bbox 540 246 656 289; x_wconf 86' lang='lat' dir='ltr'>aliae</span> <span class='ocrx_word' id='word_1_14' title='bbox 679 246 778 288; x_wconf 87' lang='lat' dir='ltr'>sine</span> <span class='ocrx_word' id='word_1_15' title='bbox 800 245 999 301; x_wconf 89' lang='lat' dir='ltr'>pectinis</span> <span class='ocrx_word' id='word_1_16' title='bbox 1021 259 1126 300; x_wconf 89' lang='lat' dir='ltr'>usu,</span> <span class='ocrx_word' id='word_1_17' title='bbox 1471 245 1558 286; x_wconf 84' lang='lat'>405</span> 
     </span>
     <span class='ocr_line' id='line_1_4' title="bbox 191 317 1268 375; baseline -0.004 -12"><span class='ocrx_word' id='word_1_18' title='bbox 191 320 306 363; x_wconf 86' lang='lat' dir='ltr'>Pars</span> <span class='ocrx_word' id='word_1_19' title='bbox 329 320 524 363; x_wconf 85' lang='lat' dir='ltr'>aderant</span> <span class='ocrx_word' id='word_1_20' title='bbox 545 317 711 375; x_wconf 88' lang='lat' dir='ltr'>positis</span> <span class='ocrx_word' id='word_1_21' title='bbox 733 321 832 361; x_wconf 84' lang='lat' dir='ltr'>arte</span> <span class='ocrx_word' id='word_1_22' title='bbox 854 332 1090 374; x_wconf 86' lang='lat' dir='ltr'>manuque</span> <span class='ocrx_word' id='word_1_23' title='bbox 1112 318 1268 360; x_wconf 86' lang='lat' dir='ltr'>comis.</span> 
     </span>
     <span class='ocr_line' id='line_1_5' title="bbox 131 390 1256 449; baseline -0.002 -15"><span class='ocrx_word' id='word_1_24' title='bbox 131 393 221 435; x_wconf 88' lang='lat' dir='ltr'>Illa</span> <span class='ocrx_word' id='word_1_25' title='bbox 242 407 382 449; x_wconf 83' lang='lat' dir='ltr'>super</span> <span class='ocrx_word' id='word_1_26' title='bbox 402 408 535 436; x_wconf 85' lang='lat' dir='ltr'>suras</span> <span class='ocrx_word' id='word_1_27' title='bbox 555 391 767 434; x_wconf 89' lang='lat' dir='ltr'>tunicam</span> <span class='ocrx_word' id='word_1_28' title='bbox 789 390 980 435; x_wconf 89' lang='lat' dir='ltr'>collecta</span> <span class='ocrx_word' id='word_1_29' title='bbox 1001 391 1256 445; x_wconf 73' lang='lat' dir='ltr'>ministrat,</span> 
     </span>
     <span class='ocr_line' id='line_1_6' title="bbox 189 465 1069 520; baseline -0.001 -12"><span class='ocrx_word' id='word_1_30' title='bbox 189 466 352 508; x_wconf 89' lang='lat' dir='ltr'>Altera</span> <span class='ocrx_word' id='word_1_31' title='bbox 374 465 556 508; x_wconf 90' lang='lat' dir='ltr'>dissuto</span> <span class='ocrx_word' id='word_1_32' title='bbox 578 467 741 520; x_wconf 87' lang='lat' dir='ltr'>pectus</span> <span class='ocrx_word' id='word_1_33' title='bbox 763 470 926 520; x_wconf 84' lang='lat' dir='ltr'>aperta</span> <span class='ocrx_word' id='word_1_34' title='bbox 948 465 1069 508; x_wconf 88' lang='lat' dir='ltr'>sinu.</span> 
     </span>
     <span class='ocr_line' id='line_1_7' title="bbox 130 533 1492 592; baseline -0.003 -11"><span class='ocrx_word' id='word_1_35' title='bbox 130 539 320 581; x_wconf 84' lang='lat' dir='ltr'>Exserit</span> <span class='ocrx_word' id='word_1_36' title='bbox 336 539 450 581; x_wconf 84' lang='lat' dir='ltr'>haec</span> <span class='ocrx_word' id='word_1_37' title='bbox 466 538 731 591; x_wconf 88' lang='lat' dir='ltr'>humerum,</span> <span class='ocrx_word' id='word_1_38' title='bbox 753 541 930 580; x_wconf 81' lang='lat' dir='ltr'>vestem</span> <span class='ocrx_word' id='word_1_39' title='bbox 948 537 1095 580; x_wconf 86' lang='lat' dir='ltr'>trahit</span> <span class='ocrx_word' id='word_1_40' title='bbox 1109 537 1191 580; x_wconf 85' lang='lat' dir='ltr'>illa</span> <span class='ocrx_word' id='word_1_41' title='bbox 1208 551 1291 592; x_wconf 89' lang='lat' dir='ltr'>per</span> <span class='ocrx_word' id='word_1_42' title='bbox 1307 533 1492 588; x_wconf 81' lang='lat' dir='ltr'>herbas,</span> 
     </span>
     <span class='ocr_line' id='line_1_8' title="bbox 191 610 1553 667; baseline -0.003 -13"><span class='ocrx_word' id='word_1_43' title='bbox 191 611 466 667; x_wconf 72' lang='lat' dir='ltr'>Impediunt</span> <span class='ocrx_word' id='word_1_44' title='bbox 487 614 675 653; x_wconf 79' lang='lat' dir='ltr'>teneros</span> <span class='ocrx_word' id='word_1_45' title='bbox 697 611 884 654; x_wconf 84' lang='lat' dir='ltr'>vincula</span> <span class='ocrx_word' id='word_1_46' title='bbox 906 611 1036 653; x_wconf 86' lang='lat' dir='ltr'>nulla</span> <span class='ocrx_word' id='word_1_47' title='bbox 1057 610 1212 666; x_wconf 90' lang='lat' dir='ltr'>pedes.</span> <span class='ocrx_word' id='word_1_48' title='bbox 1466 610 1553 651; x_wconf 84' lang='lat'>410</span> 
     </span>
     <span class='ocr_line' id='line_1_9' title="bbox 129 683 1279 739; baseline -0.001 -13"><span class='ocrx_word' id='word_1_49' title='bbox 129 684 256 727; x_wconf 88' lang='lat' dir='ltr'>Hinc</span> <span class='ocrx_word' id='word_1_50' title='bbox 277 683 395 726; x_wconf 86' lang='lat' dir='ltr'>aliae</span> <span class='ocrx_word' id='word_1_51' title='bbox 419 683 600 739; x_wconf 82' lang='lat' dir='ltr'>Satyris</span> <span class='ocrx_word' id='word_1_52' title='bbox 622 683 840 726; x_wconf 84' lang='lat' dir='ltr'>incendia</span> <span class='ocrx_word' id='word_1_53' title='bbox 861 683 994 725; x_wconf 86' lang='lat' dir='ltr'>mitia</span> <span class='ocrx_word' id='word_1_54' title='bbox 1015 683 1242 739; x_wconf 85' lang='lat' dir='ltr'>praebent</span> <span class='ocrx_word' id='word_1_55' title='bbox 1269 698 1279 734; x_wconf 91' lang='grc'><strong>;</strong></span> 
     </span>
     <span class='ocr_line' id='line_1_10' title="bbox 189 755 1223 812; baseline 0 -14"><span class='ocrx_word' id='word_1_56' title='bbox 189 756 300 800; x_wconf 82' lang='lat' dir='ltr'>Pars</span> <span class='ocrx_word' id='word_1_57' title='bbox 322 755 425 811; x_wconf 88' lang='lat' dir='ltr'>tibi,</span> <span class='ocrx_word' id='word_1_58' title='bbox 451 757 534 812; x_wconf 89' lang='lat' dir='ltr'>qui</span> <span class='ocrx_word' id='word_1_59' title='bbox 554 757 672 812; x_wconf 92' lang='lat' dir='ltr'>pinu</span> <span class='ocrx_word' id='word_1_60' title='bbox 694 760 905 812; x_wconf 87' lang='lat' dir='ltr'>tempora</span> <span class='ocrx_word' id='word_1_61' title='bbox 926 770 1046 798; x_wconf 81' lang='lat' dir='ltr'>nexa</span> <span class='ocrx_word' id='word_1_62' title='bbox 1067 756 1188 812; x_wconf 83' lang='lat' dir='ltr'>geris</span> <span class='ocrx_word' id='word_1_63' title='bbox 1214 772 1223 807; x_wconf 91' lang='lat'>;</span> 
     </span>
     <span class='ocr_line' id='line_1_11' title="bbox 129 829 1364 886; baseline -0.002 -14"><span class='ocrx_word' id='word_1_64' title='bbox 129 831 191 872; x_wconf 84' lang='lat' dir='ltr'>Te</span> <span class='ocrx_word' id='word_1_65' title='bbox 213 845 415 886; x_wconf 87' lang='lat' dir='ltr'>quoque,</span> <span class='ocrx_word' id='word_1_66' title='bbox 441 830 730 873; x_wconf 67' lang='lat' dir='ltr'>inextinctae</span> <span class='ocrx_word' id='word_1_67' title='bbox 754 829 910 872; x_wconf 81' lang='lat' dir='ltr'>Silene</span> <span class='ocrx_word' id='word_1_68' title='bbox 932 830 1159 883; x_wconf 80' lang='lat' dir='ltr'>libidinis,</span> <span class='ocrx_word' id='word_1_69' title='bbox 1186 832 1333 871; x_wconf 87' lang='lat' dir='ltr'>urunt</span> <span class='ocrx_word' id='word_1_70' title='bbox 1356 844 1364 871; x_wconf 79' lang='lat' dir='ltr'>z</span> 
     </span>
     <span class='ocr_line' id='line_1_12' title="bbox 187 902 1314 958; baseline 0 -14"><span class='ocrx_word' id='word_1_71' title='bbox 187 902 234 944; x_wconf 91' lang='lat' dir='ltr'>N</span> <span class='ocrx_word' id='word_1_72' title='bbox 237 902 417 958; x_wconf 86' lang='lat' dir='ltr'>equitia</span> <span class='ocrx_word' id='word_1_73' title='bbox 440 906 525 956; x_wconf 92' lang='lat' dir='ltr'>est,</span> <span class='ocrx_word' id='word_1_74' title='bbox 553 917 672 958; x_wconf 83' lang='lat' dir='ltr'>quae</span> <span class='ocrx_word' id='word_1_75' title='bbox 694 906 742 945; x_wconf 90' lang='lat' dir='ltr'>te</span> <span class='ocrx_word' id='word_1_76' title='bbox 764 918 859 945; x_wconf 91' lang='lat' dir='ltr'>non</span> <span class='ocrx_word' id='word_1_77' title='bbox 883 903 996 945; x_wconf 89' lang='lat' dir='ltr'>sinit</span> <span class='ocrx_word' id='word_1_78' title='bbox 1019 918 1118 945; x_wconf 91' lang='lat' dir='ltr'>esse</span> <span class='ocrx_word' id='word_1_79' title='bbox 1142 917 1314 945; x_wconf 65' lang='lat' dir='ltr'>senem1</span> 
     </span>
     <span class='ocr_line' id='line_1_13' title="bbox 129 974 1556 1031; baseline -0.002 -14"><span class='ocrx_word' id='word_1_80' title='bbox 129 976 193 1018; x_wconf 88' lang='lat' dir='ltr'>At</span> <span class='ocrx_word' id='word_1_81' title='bbox 214 976 357 1018; x_wconf 89' lang='lat' dir='ltr'>ruber</span> <span class='ocrx_word' id='word_1_82' title='bbox 376 976 622 1018; x_wconf 80' lang='lat' dir='ltr'>hortorum</span> <span class='ocrx_word' id='word_1_83' title='bbox 644 975 760 1018; x_wconf 87' lang='lat' dir='ltr'>deus</span> <span class='ocrx_word' id='word_1_84' title='bbox 783 979 830 1018; x_wconf 90' lang='lat' dir='ltr'>et</span> <span class='ocrx_word' id='word_1_85' title='bbox 851 976 1002 1018; x_wconf 86' lang='lat' dir='ltr'>tutela</span> <span class='ocrx_word' id='word_1_86' title='bbox 1024 974 1223 1031; x_wconf 82' lang='lat' dir='ltr'>Priapus</span> <span class='ocrx_word' id='word_1_87' title='bbox 1469 974 1556 1015; x_wconf 73' lang='lat'>415</span> 
     </span>
     <span class='ocr_line' id='line_1_14' title="bbox 187 1047 1137 1104; baseline 0 -14"><span class='ocrx_word' id='word_1_88' title='bbox 187 1047 417 1090; x_wconf 86' lang='lat' dir='ltr'>Omnibus</span> <span class='ocrx_word' id='word_1_89' title='bbox 440 1063 499 1091; x_wconf 84' lang='lat' dir='ltr'>ex</span> <span class='ocrx_word' id='word_1_90' title='bbox 520 1048 614 1090; x_wconf 83' lang='lat' dir='ltr'>illis</span> <span class='ocrx_word' id='word_1_91' title='bbox 637 1048 805 1092; x_wconf 86' lang='lat' dir='ltr'>Lotide</span> <span class='ocrx_word' id='word_1_92' title='bbox 832 1052 996 1104; x_wconf 86' lang='lat' dir='ltr'>captus</span> <span class='ocrx_word' id='word_1_93' title='bbox 1024 1051 1137 1091; x_wconf 88' lang='lat' dir='ltr'>erat.</span> 
     </span>
     <span class='ocr_line' id='line_1_15' title="bbox 130 1120 1384 1178; baseline -0.002 -15"><span class='ocrx_word' id='word_1_94' title='bbox 130 1121 266 1164; x_wconf 89' lang='lat' dir='ltr'>Hanc</span> <span class='ocrx_word' id='word_1_95' title='bbox 288 1121 432 1177; x_wconf 88' lang='lat' dir='ltr'>cupit,</span> <span class='ocrx_word' id='word_1_96' title='bbox 458 1120 579 1164; x_wconf 88' lang='lat' dir='ltr'>hanc</span> <span class='ocrx_word' id='word_1_97' title='bbox 601 1125 745 1178; x_wconf 86' lang='lat' dir='ltr'>optat,</span> <span class='ocrx_word' id='word_1_98' title='bbox 774 1122 919 1164; x_wconf 85' lang='lat' dir='ltr'>solam</span> <span class='ocrx_word' id='word_1_99' title='bbox 942 1122 1144 1177; x_wconf 82' lang='lat' dir='ltr'>suspirat</span> <span class='ocrx_word' id='word_1_100' title='bbox 1167 1120 1216 1162; x_wconf 87' lang='lat' dir='ltr'>in</span> <span class='ocrx_word' id='word_1_101' title='bbox 1240 1120 1384 1173; x_wconf 85' lang='lat' dir='ltr'>illam,</span> 
     </span>
     <span class='ocr_line' id='line_1_16' title="bbox 187 1193 1189 1250; baseline -0.001 -14"><span class='ocrx_word' id='word_1_102' title='bbox 187 1193 422 1250; x_wconf 85' lang='lat' dir='ltr'>Signaque</span> <span class='ocrx_word' id='word_1_103' title='bbox 445 1194 527 1237; x_wconf 88' lang='lat' dir='ltr'>dat</span> <span class='ocrx_word' id='word_1_104' title='bbox 548 1198 690 1246; x_wconf 87' lang='lat' dir='ltr'>nutu,</span> <span class='ocrx_word' id='word_1_105' title='bbox 714 1194 1028 1250; x_wconf 79' lang='lat' dir='ltr'>sollicitatque</span> <span class='ocrx_word' id='word_1_106' title='bbox 1050 1194 1189 1237; x_wconf 86' lang='lat' dir='ltr'>notis.</span> 
     </span>
     <span class='ocr_line' id='line_1_17' title="bbox 127 1266 1494 1324; baseline -0.001 -15"><span class='ocrx_word' id='word_1_107' title='bbox 127 1267 296 1309; x_wconf 77' lang='lat' dir='ltr'>Fastus</span> <span class='ocrx_word' id='word_1_108' title='bbox 313 1267 436 1310; x_wconf 91' lang='lat' dir='ltr'>inest</span> <span class='ocrx_word' id='word_1_109' title='bbox 453 1268 677 1323; x_wconf 87' lang='lat' dir='ltr'>pulchris,</span> <span class='ocrx_word' id='word_1_110' title='bbox 700 1268 1006 1324; x_wconf 81' lang='lat' dir='ltr'>sequiturque</span> <span class='ocrx_word' id='word_1_111' title='bbox 1023 1266 1243 1323; x_wconf 83' lang='lat' dir='ltr'>superbia</span> <span class='ocrx_word' id='word_1_112' title='bbox 1259 1267 1459 1309; x_wconf 83' lang='lat' dir='ltr'>formam</span> <span class='ocrx_word' id='word_1_113' title='bbox 1486 1282 1494 1314; x_wconf 84' lang='lat'>;</span> 
     </span>
     <span class='ocr_line' id='line_1_18' title="bbox 186 1339 1556 1396; baseline -0.003 -14"><span class='ocrx_word' id='word_1_114' title='bbox 186 1340 385 1382; x_wconf 87' lang='lat' dir='ltr'>Irrisum</span> <span class='ocrx_word' id='word_1_115' title='bbox 408 1340 545 1382; x_wconf 76' lang='lat' dir='ltr'>vultu</span> <span class='ocrx_word' id='word_1_116' title='bbox 569 1340 766 1396; x_wconf 85' lang='lat' dir='ltr'>despicit</span> <span class='ocrx_word' id='word_1_117' title='bbox 789 1339 871 1383; x_wconf 84' lang='lat' dir='ltr'>illa</span> <span class='ocrx_word' id='word_1_118' title='bbox 893 1355 990 1383; x_wconf 89' lang='lat' dir='ltr'>suo.</span> <span class='ocrx_word' id='word_1_119' title='bbox 1468 1339 1556 1379; x_wconf 82' lang='lat'>420</span> 
     </span>
     <span class='ocr_line' id='line_1_19' title="bbox 126 1412 1319 1468; baseline -0.001 -13"><span class='ocrx_word' id='word_1_120' title='bbox 126 1414 234 1455; x_wconf 83' lang='lat' dir='ltr'>Nox</span> <span class='ocrx_word' id='word_1_121' title='bbox 256 1418 369 1466; x_wconf 78' lang='lat' dir='ltr'>erat,</span> <span class='ocrx_word' id='word_1_122' title='bbox 397 1417 459 1466; x_wconf 92' lang='lat' dir='ltr'>et,</span> <span class='ocrx_word' id='word_1_123' title='bbox 486 1412 595 1456; x_wconf 86' lang='lat' dir='ltr'>vino</span> <span class='ocrx_word' id='word_1_124' title='bbox 619 1428 834 1455; x_wconf 85' lang='lat' dir='ltr'>somnum</span> <span class='ocrx_word' id='word_1_125' title='bbox 856 1413 1072 1467; x_wconf 82' lang='lat' dir='ltr'>faciente,</span> <span class='ocrx_word' id='word_1_126' title='bbox 1099 1412 1319 1468; x_wconf 83' lang='lat' dir='ltr'>jacebant</span> 
     </span>
     <span class='ocr_line' id='line_1_20' title="bbox 185 1485 1090 1541; baseline 0 -13"><span class='ocrx_word' id='word_1_127' title='bbox 185 1486 392 1541; x_wconf 84' lang='lat' dir='ltr'>Corpora</span> <span class='ocrx_word' id='word_1_128' title='bbox 414 1485 611 1529; x_wconf 81' lang='lat' dir='ltr'>diversis</span> <span class='ocrx_word' id='word_1_129' title='bbox 633 1487 758 1529; x_wconf 85' lang='lat' dir='ltr'>victa</span> <span class='ocrx_word' id='word_1_130' title='bbox 779 1500 943 1541; x_wconf 86' lang='lat' dir='ltr'>sopore</span> <span class='ocrx_word' id='word_1_131' title='bbox 968 1486 1090 1529; x_wconf 76' lang='lat' dir='ltr'>locis.</span> 
     </span>
     <span class='ocr_line' id='line_1_21' title="bbox 126 1559 1226 1610; baseline -0.001 -9"><span class='ocrx_word' id='word_1_132' title='bbox 126 1559 256 1602; x_wconf 88' lang='lat' dir='ltr'>Lotis</span> <span class='ocrx_word' id='word_1_133' title='bbox 277 1559 327 1601; x_wconf 93' lang='lat' dir='ltr'>in</span> <span class='ocrx_word' id='word_1_134' title='bbox 349 1559 545 1602; x_wconf 87' lang='lat' dir='ltr'>herbosa</span> <span class='ocrx_word' id='word_1_135' title='bbox 567 1560 653 1602; x_wconf 90' lang='lat' dir='ltr'>sub</span> <span class='ocrx_word' id='word_1_136' title='bbox 677 1559 856 1602; x_wconf 87' lang='lat' dir='ltr'>acernis</span> <span class='ocrx_word' id='word_1_137' title='bbox 878 1559 1048 1601; x_wconf 78' lang='lat' dir='ltr'>ultima</span> <span class='ocrx_word' id='word_1_138' title='bbox 1069 1559 1226 1610; x_wconf 74' lang='lat' dir='ltr'>ramis,</span> 
     </span>
     <span class='ocr_line' id='line_1_22' title="bbox 186 1632 1116 1688; baseline -0.001 -14"><span class='ocrx_word' id='word_1_139' title='bbox 186 1632 318 1675; x_wconf 86' lang='lat' dir='ltr'>Sicut</span> <span class='ocrx_word' id='word_1_140' title='bbox 341 1635 441 1675; x_wconf 82' lang='lat' dir='ltr'>erat</span> <span class='ocrx_word' id='word_1_141' title='bbox 462 1633 571 1675; x_wconf 88' lang='lat' dir='ltr'>lusu</span> <span class='ocrx_word' id='word_1_142' title='bbox 592 1633 728 1686; x_wconf 83' lang='lat' dir='ltr'>fessa,</span> <span class='ocrx_word' id='word_1_143' title='bbox 754 1632 937 1688; x_wconf 89' lang='lat' dir='ltr'>quievit</span> <span class='ocrx_word' id='word_1_144' title='bbox 958 1632 1116 1674; x_wconf 87' lang='lat' dir='ltr'>humo.</span> 
     </span>
     <span class='ocr_line' id='line_1_23' title="bbox 126 1704 1553 1761; baseline -0.002 -13"><span class='ocrx_word' id='word_1_145' title='bbox 126 1705 286 1759; x_wconf 80' lang='lat' dir='ltr'>Surgit</span> <span class='ocrx_word' id='word_1_146' title='bbox 309 1719 484 1759; x_wconf 86' lang='lat' dir='ltr'>amans,</span> <span class='ocrx_word' id='word_1_147' title='bbox 511 1706 810 1761; x_wconf 80' lang='lat' dir='ltr'>animamque</span> <span class='ocrx_word' id='word_1_148' title='bbox 833 1709 996 1748; x_wconf 84' lang='lat' dir='ltr'>tenens</span> <span class='ocrx_word' id='word_1_149' title='bbox 1019 1705 1219 1760; x_wconf 76' lang='lat' dir='ltr'>vestigia</span> <span class='ocrx_word' id='word_1_150' title='bbox 1242 1704 1410 1747; x_wconf 80' lang='lat' dir='ltr'>furtim</span> <span class='ocrx_word' id='word_1_151' title='bbox 1463 1704 1553 1745; x_wconf 78' lang='lat'>425</span> 
     </span>
     <span class='ocr_line' id='line_1_24' title="bbox 184 1777 1163 1834; baseline 0 -14"><span class='ocrx_word' id='word_1_152' title='bbox 184 1777 421 1833; x_wconf 81' lang='lat' dir='ltr'>Suspenso</span> <span class='ocrx_word' id='word_1_153' title='bbox 445 1778 606 1834; x_wconf 82' lang='lat' dir='ltr'>digitis</span> <span class='ocrx_word' id='word_1_154' title='bbox 629 1780 723 1822; x_wconf 83' lang='lat' dir='ltr'>fert</span> <span class='ocrx_word' id='word_1_155' title='bbox 746 1779 981 1822; x_wconf 83' lang='lat' dir='ltr'>taciturna</span> <span class='ocrx_word' id='word_1_156' title='bbox 1001 1779 1163 1834; x_wconf 81' lang='lat' dir='ltr'>gradu.</span> 
     </span>
     <span class='ocr_line' id='line_1_25' title="bbox 126 1851 1223 1908; baseline 0.002 -16"><span class='ocrx_word' id='word_1_157' title='bbox 126 1851 190 1893; x_wconf 88' lang='lat' dir='ltr'>Ut</span> <span class='ocrx_word' id='word_1_158' title='bbox 212 1851 368 1907; x_wconf 86' lang='lat' dir='ltr'>tetigit</span> <span class='ocrx_word' id='word_1_159' title='bbox 391 1851 557 1894; x_wconf 84' lang='lat' dir='ltr'>niveae</span> <span class='ocrx_word' id='word_1_160' title='bbox 580 1856 756 1895; x_wconf 85' lang='lat' dir='ltr'>secreta</span> <span class='ocrx_word' id='word_1_161' title='bbox 777 1851 949 1894; x_wconf 83' lang='lat' dir='ltr'>cubilia</span> <span class='ocrx_word' id='word_1_162' title='bbox 970 1852 1223 1908; x_wconf 80' lang='lat' dir='ltr'>nymphae,</span> 
     </span>
     <span class='ocr_line' id='line_1_26' title="bbox 183 1924 1086 1979; baseline 0 -13"><span class='ocrx_word' id='word_1_163' title='bbox 183 1924 294 1979; x_wconf 83' lang='lat' dir='ltr'>Ipsa</span> <span class='ocrx_word' id='word_1_164' title='bbox 317 1924 391 1967; x_wconf 90' lang='lat' dir='ltr'>sui</span> <span class='ocrx_word' id='word_1_165' title='bbox 414 1924 553 1967; x_wconf 84' lang='lat' dir='ltr'>flatus</span> <span class='ocrx_word' id='word_1_166' title='bbox 575 1940 634 1968; x_wconf 90' lang='lat' dir='ltr'>ne</span> <span class='ocrx_word' id='word_1_167' title='bbox 658 1929 790 1968; x_wconf 88' lang='lat' dir='ltr'>sonet</span> <span class='ocrx_word' id='word_1_168' title='bbox 812 1939 924 1967; x_wconf 85' lang='lat' dir='ltr'>aura</span> <span class='ocrx_word' id='word_1_169' title='bbox 946 1929 1086 1968; x_wconf 82' lang='lat' dir='ltr'>cavet.</span> 
     </span>
     <span class='ocr_line' id='line_1_27' title="bbox 126 1996 1207 2054; baseline 0.001 -15"><span class='ocrx_word' id='word_1_170' title='bbox 126 1996 186 2039; x_wconf 82' lang='lat' dir='ltr'>Et</span> <span class='ocrx_word' id='word_1_171' title='bbox 205 1997 303 2053; x_wconf 81' lang='lat' dir='ltr'>jain</span> <span class='ocrx_word' id='word_1_172' title='bbox 325 1997 526 2040; x_wconf 87' lang='lat' dir='ltr'>finitima</span> <span class='ocrx_word' id='word_1_173' title='bbox 548 2013 714 2054; x_wconf 86' lang='lat' dir='ltr'>corpus</span> <span class='ocrx_word' id='word_1_174' title='bbox 736 1999 938 2041; x_wconf 83' lang='lat' dir='ltr'>librabat</span> <span class='ocrx_word' id='word_1_175' title='bbox 956 1999 1004 2040; x_wconf 87' lang='lat' dir='ltr'>in</span> <span class='ocrx_word' id='word_1_176' title='bbox 1027 1998 1172 2041; x_wconf 84' lang='lat' dir='ltr'>herba</span> <span class='ocrx_word' id='word_1_177' title='bbox 1199 2014 1207 2041; x_wconf 75' lang='grc' dir='ltr'>ε</span> 
     </span>
     <span class='ocr_line' id='line_1_28' title="bbox 184 2069 1552 2127; baseline -0.001 -15"><span class='ocrx_word' id='word_1_178' title='bbox 184 2069 272 2113; x_wconf 83' lang='lat' dir='ltr'>Illa</span> <span class='ocrx_word' id='word_1_179' title='bbox 293 2073 452 2114; x_wconf 83' lang='lat' dir='ltr'>tamen</span> <span class='ocrx_word' id='word_1_180' title='bbox 474 2072 612 2114; x_wconf 78' lang='lat' dir='ltr'>multi</span> <span class='ocrx_word' id='word_1_181' title='bbox 634 2072 771 2127; x_wconf 79' lang='lat' dir='ltr'>plena</span> <span class='ocrx_word' id='word_1_182' title='bbox 793 2072 970 2127; x_wconf 85' lang='lat' dir='ltr'>soporis</span> <span class='ocrx_word' id='word_1_183' title='bbox 993 2076 1105 2114; x_wconf 81' lang='lat' dir='ltr'>erat.</span> <span class='ocrx_word' id='word_1_184' title='bbox 1465 2071 1552 2112; x_wconf 82' lang='lat'>430</span> 
     </span>
     <span class='ocr_line' id='line_1_29' title="bbox 122 2143 1229 2200; baseline 0.002 -15"><span class='ocrx_word' id='word_1_185' title='bbox 122 2143 324 2197; x_wconf 85' lang='lat' dir='ltr'>Gaudet,</span> <span class='ocrx_word' id='word_1_186' title='bbox 350 2147 397 2186; x_wconf 88' lang='lat' dir='ltr'>et</span> <span class='ocrx_word' id='word_1_187' title='bbox 420 2159 447 2187; x_wconf 86' lang='lat' dir='ltr'>a</span> <span class='ocrx_word' id='word_1_188' title='bbox 469 2144 671 2200; x_wconf 87' lang='lat' dir='ltr'>pedibus</span> <span class='ocrx_word' id='word_1_189' title='bbox 692 2149 840 2188; x_wconf 83' lang='lat' dir='ltr'>tracto</span> <span class='ocrx_word' id='word_1_190' title='bbox 864 2144 1097 2188; x_wconf 84' lang='lat' dir='ltr'>velamine</span> <span class='ocrx_word' id='word_1_191' title='bbox 1120 2149 1229 2188; x_wconf 78' lang='lat' dir='ltr'>vota</span> 
     </span>
     <span class='ocr_line' id='line_1_30' title="bbox 180 2217 955 2275; baseline 0.001 -16"><span class='ocrx_word' id='word_1_192' title='bbox 180 2217 258 2260; x_wconf 92' lang='lat' dir='ltr'>Ad</span> <span class='ocrx_word' id='word_1_193' title='bbox 281 2232 369 2273; x_wconf 76' lang='lat' dir='ltr'>sua</span> <span class='ocrx_word' id='word_1_194' title='bbox 388 2217 516 2262; x_wconf 84' lang='lat' dir='ltr'>felici</span> <span class='ocrx_word' id='word_1_195' title='bbox 539 2222 754 2275; x_wconf 82' lang='lat' dir='ltr'>coeperat</span> <span class='ocrx_word' id='word_1_196' title='bbox 776 2219 844 2261; x_wconf 92' lang='lat' dir='ltr'>ire</span> <span class='ocrx_word' id='word_1_197' title='bbox 868 2219 955 2260; x_wconf 80' lang='lat' dir='ltr'>via.</span> 
     </span>
     <span class='ocr_line' id='line_1_31' title="bbox 124 2289 1166 2340; baseline 0.001 -4"><span class='ocrx_word' id='word_1_198' title='bbox 124 2289 242 2336; x_wconf 85' lang='lat' dir='ltr'>Ecce</span> <span class='ocrx_word' id='word_1_199' title='bbox 263 2291 439 2336; x_wconf 80' lang='lat' dir='ltr'>rudens</span> <span class='ocrx_word' id='word_1_200' title='bbox 459 2306 598 2340; x_wconf 82' lang='lat' dir='ltr'>rauco</span> <span class='ocrx_word' id='word_1_201' title='bbox 621 2292 768 2339; x_wconf 85' lang='lat' dir='ltr'>Sileni</span> <span class='ocrx_word' id='word_1_202' title='bbox 791 2295 952 2339; x_wconf 83' lang='lat' dir='ltr'>vector</span> <span class='ocrx_word' id='word_1_203' title='bbox 972 2290 1143 2337; x_wconf 76' lang='lat' dir='ltr'>asellus</span> <span class='ocrx_word' id='word_1_204' title='bbox 1164 2320 1166 2322; x_wconf 34' lang='lat' dir='ltr'>v</span> 
     </span>
    </p>
   </div>
  </div>
 </body>
</html>
